3080 5034
550 657 841 713 NEGO'PIARENTUR
863 657 995 714 nouam
1244 661 1279 714 ³7

257 801 410 865 ultimum
437 805 604 884 refugium
631 809 711 866 erat.
735 803 850 885 ltaque
871 801 905 866 in
925 808 1065 886 utroque
1087 823 1177 882 casu,
1204 804 1273 867 sive

252 917 381 1001 peculio
407 920 608 1003 negotiantis
632 919 728 996 servi,
750 919 817 981 sive
836 919 1013 1004 praepositi,
1037 921 1153 984 merito
1181 921 1270 984 dice-

252 1033 349 1096 batur
364 1055 370 1096 ε
386 1060 400 1091 «
418 1035 484 1113 Qui
500 1056 576 1098 cum
593 1055 687 1098 servo
703 1035 879 1112 contrahit,
897 1035 1086 1098 universum
1101 1036 1269 1119 peculium

251 1148 334 1230 ejus,
356 1149 446 1232 quod
469 1150 661 1233 ubicunque
685 1157 746 1226 cst,
768 1149 869 1212 veluti
897 1150 1143 1233 patrimonium,
1165 1152 1272 1215 intue-

250 1269 305 1327 tur
320 1269 342 1328 ¹.
361 1291 376 1322 »
394 1265 580 1329 cavebatur
598 1267 685 1329 enim
706 1287 746 1328 ne
765 1266 920 1329 dominus
939 1266 974 1328 in
993 1266 1144 1329 fraudem
1167 1268 1271 1330 credi-

250 1386 360 1444 torum
386 1381 550 1445 minueret
573 1382 624 1445 vel
645 1382 804 1446 adimeret
823 1381 1000 1465 peculium.
1021 1382 1091 1445 Imo
1118 1382 1272 1446 dominus

250 1497 496 1580 quodammodo
511 1499 678 1581 peculium
700 1497 785 1560 tueri
804 1497 947 1562 debebat
960 1497 1119 1560 adversus
1141 1519 1178 1561 ea
1197 1519 1270 1580 quae

250 1633 364 1676 servus
379 1613 413 1674 in
426 1613 577 1677 fraudem
593 1634 708 1676 eorum
722 1614 831 1678 facere
845 1619 958 1697 posset
968 1617 989 1676 ¹.

289 1731 319 1791 N
321 1749 364 1791 on
379 1729 487 1791 solum
502 1729 612 1812 iis'qui
628 1750 705 1792 cum
726 1750 819 1792 servo
838 1735 1081 1806 contraxerant,
1097 1729 1269 1793 sedetiam

250 1845 312 1926 ipsi
341 1845 476 1907 domino
504 1845 671 1928 peculium
700 1845 878 1928 aliquando
912 1865 972 1928 pro
1002 1846 1157 1909 cautione
1185 1852 1266 1920 erat,

250 1960 372 2022 etenim
395 1981 472 2024 cum
497 1981 621 2038 servus
638 1967 676 2024 ut
694 1961 890 2035 ridebimus,
909 1964 1025 2038 jussus
1049 1967 1099 2023 cst
1123 1961 1267 2024 rationes

249 2075 386 2137 reddere
401 2081 434 2138 et
449 2076 574 2159 reliqua
595 2076 733 2152 solvere,
747 2077 775 2139 si
794 2096 832 2139 ea
853 2075 1034 2159 dissipavit,
1051 2076 1150 2138 rebus
1169 2095 1268 2158 pecu·

248 2189 385 2253 liaribus
401 2191 553 2268 venditiS,
565 2192 598 2254 id
614 2192 703 2274 quod
716 2192 849 2254 domino
863 2191 959 2255 debet
974 2191 1111 2254 solvitur
1125 2195 1146 2255 ³.

290 2306 380 2368 Idem
397 2307 539 2390 denique
553 2308 720 2391 peculium
735 2309 824 2392 quod
846 2308 1107 2392 negotiationum
1122 2307 1264 2370 utilitate

248 2423 454 2486 ostendimus
473 2424 519 2486 ita
539 2425 681 2487 crevisse
704 2430 741 2486 ut
760 2425 890 2508 magnis
907 2424 1188 2507 negotiationibus
1207 2422 1266 2486 ali-

249 2537 382 2619 quando
398 2559 464 2601 non
479 2539 585 2622 impar
596 2539 700 2617 fieret,
718 2560 794 2602 mox
808 2539 991 2603 videbimus
1006 2561 1073 2602 non
1084 2541 1154 2622 jam
1169 2539 1266 2602 liber-

247 2653 324 2714 tatis
340 2654 492 2736 pretium,
505 2654 562 2717 sed
574 2681 588 2712 α
603 2655 836 2738 patrimonium
845 2655 1049 2718 manumisso
1058 2655 1225 2748 futurum⁴
1235 2681 1263 2716 n.

248 2768 383 2830 Peculio
398 2769 503 2852 igitur
518 2790 562 2832 eae
578 2770 652 2832 duee
668 2770 884 2844 conditiones,
901 2770 1182 2852 negotiationibus
1197 2775 1263 2831 tam

247 2885 451 2962 necessariae,
477 2885 599 2968 quibus
619 2907 732 2948 servus
752 2906 863 2948 carere
886 2885 1069 2959 videbatur,
1094 2905 1263 2967 compara-

247 2999 381 3080 bantur,
399 3022 474 3063 cum
500 3001 533 3064 id
553 3001 742 3064 efficeretur
762 3007 848 3064 utet
871 3001 969 3064 fidem
991 3000 1150 3062 haberent
1170 2999 1192 3061 ii
1206 3001 1263 3082 qui

251 3135 325 3177 cum
350 3137 445 3179 servo
468 3117 719 3194 contrahebant,
741 3124 773 3180 et
801 3137 914 3180 servus
937 3117 994 3200 qui
1018 3115 1262 3198 negotiabatur,

250 3239 397 3313 quaestus
412 3232 657 3314 quodammodo
672 3235 835 3317 particeps
851 3233 969 3309 sactus,
986 3231 1028 3295 ad
1047 3232 1166 3295 bonam
1187 3251 1264 3313 ges-

248 3347 370 3410 tionem
386 3349 493 3431 magis
505 3349 738 3433 impelleretur.

275 3541 354 3602 1.1).,
370 3541 425 3604 XV,
440 3545 462 3602 1,
480 3542 519 3602 32,
537 3556 579 3605 pr.

273 3613 296 3660 2.
317 3634 327 3654 «
352 3612 463 3662 Summa
482 3627 544 3662 cum
566 3614 671 3664 ratione
693 3615 774 3664 etiam
795 3615 846 3664 hoc
864 3613 969 3676 peculio
988 3613 1090 3662 Praetor
1104 3611 1258 3674 imputabit,

245 3683 316 3744 quod
336 3683 400 3733 dolo
418 3685 490 3734 mato
509 3685 614 3734 domini
634 3686 734 3735 tactum
754 3689 804 3748 est,
820 3699 874 3748 quo
895 3684 986 3734 minus
1002 3683 1030 3732 in
1052 3683 1159 3746 peculio
1178 3688 1259 3732 esset.

246 3751 296 3802 Sed
315 3753 409 3804 dolum
431 3757 534 3805 malum
552 3757 673 3818 accipere
691 3757 830 3819 debemus,
846 3757 869 3806 si
883 3755 908 3806 ei
920 3755 1022 3806 ademit
1036 3755 1171 3818 peculium
1189 3770 1195 3804 :
1212 3753 1258 3802 sed

243 3827 269 3872 et
284 3825 307 3874 si
322 3839 385 3874 eum
400 3826 530 3876 intricare
542 3828 680 3891 peculium
690 3829 718 3877 in
734 3841 827 3878 necem
844 3827 1009 3878 creditorum
1019 3840 1115 3889 passus
1130 3830 1179 3887 est,
1192 3825 1260 3874 Mela

244 3895 348 3956 scribit,
366 3897 515 3948 dolomate
530 3898 588 3960 ejus
604 3899 714 3949 factum.
730 3922 739 3941 ·
755 3900 805 3963 (D.,
821 3899 874 3962 XV,
892 3901 913 3962 t,
930 3901 969 3961 at,
987 3899 1039 3961 pr.)

275 3969 298 4015 3.
311 3967 352 4017 Cr.
365 3969 406 4030 D.,
419 3969 473 4030 XL,
489 3973 512 4031 7,
528 3971 567 4031 23,
580 3971 594 4031 S
608 3971 631 4019 1.

276 4042 299 4088 1.
317 4039 358 4099 Ι).,
374 4040 490 4101 XXXIII,
508 4043 530 4103 8,
545 4044 567 4103 8,
583 4043 596 4103 s
610 4044 633 4091 8.
