3080 5034
296 647 450 720 QUOMODO
473 649 539 702 Pllll
560 647 690 702 SERVOS
712 647 1002 703 NllOOTlAllllNTUll
1023 649 1155 704 ROllANl
1199 653 1233 706 71

213 801 324 878 petere
353 814 420 857 non
450 800 615 878 poterant,
651 795 683 857 id
712 801 763 858 est
790 795 976 878 pecuniam,
1008 797 1096 859 idem
1129 817 1234 880 poenae

215 911 347 976 nomine
362 910 587 992 postulabant.

256 1052 270 1082 «
297 1026 470 1090 Libertatis
491 1046 593 1090 eausa
621 1026 811 1110 imposita»
838 1027 873 1088 in
898 1028 1040 1110 pecunia
1065 1027 1229 1091 contineri

214 1142 377 1220 videntur,
400 1163 462 1206 nec
488 1142 563 1205 ideo
585 1163 661 1205 eum
689 1141 850 1205 libertatis
873 1143 977 1226 pretio
1002 1143 1229 1227 permiscenda

214 1264 302 1333 sunt,
317 1258 375 1321 sed
390 1259 497 1343 magis
507 1264 662 1322 accurate
673 1258 900 1331 discernenda,
914 1265 951 1322 ut
963 1265 1075 1322 monet
1088 1260 1234 1324 Paulus:

215 1375 280 1437 «Si
298 1397 402 1437 seruus
413 1377 580 1459 promittat
598 1375 723 1438 domino
734 1377 911 1458 pecuniam,
929 1387 964 1437 ut
983 1377 1234 1453 maritimittatur‚¹

213 1513 281 1555 cum
301 1493 382 1554 alius
402 1513 465 1554 non
484 1502 560 1554 esset
578 1493 823 1554 manumissurus
842 1492 993 1568 dominus,
1009 1513 1135 1576 eamque
1156 1493 1234 1555 liber

210 1609 315 1688 suetus
342 1606 548 1692 spondeut;...
578 1627 640 1668 non
671 1606 836 1668 oneranda
865 1605 1018 1668 libertatis
1046 1629 1139 1669 causa
1167 1608 1229 1670 baec
1254 1665 1256 1669 .

208 1725 344 1809 pecunia
354 1724 508 1807 promissa
523 1732 567 1784 est
586 1743 597 1783 .·
617 1722 758 1803 alioquin
782 1723 921 1804 iniquum
940 1733 995 1803 est,
1016 1723 1175 1784 dominum
1199 1734 1228 1786 et

213 1861 297 1904 seruo
320 1860 434 1916 carere,
455 1849 483 1901 et
501 1839 605 1922 pretio
622 1839 701 1920 ejus.
721 1837 843 1899 Totiens
861 1859 933 1919 erqo
954 1839 1117 1900 onerandae
1142 1840 1232 1901 liber·

213 1958 286 2018 tutis
306 1976 399 2018 causa
418 1955 553 2038 pecunia
571 1955 692 2016 uidetur
709 1955 866 2036 promitti,
883 1955 1023 2035 quotiens
1042 1975 1099 2014 sua
1118 1929 1228 2036 sponte

214 2073 355 2134 dominus
370 2071 546 2132 manumisit
563 2089 571 2133 ι
589 2080 617 2130 et
628 2079 797 2152 propterea
816 2069 889 2130 velit
909 2069 1053 2130 libertum
1070 2069 1233 2152 pecuniam

209 2190 403 2272 promittere,
419 2197 530 2248 utnon
550 2187 655 2268 eeiqat
674 2206 751 2260 eam,
768 2185 821 2246 sed
834 2195 868 2246 ut
889 2185 1017 2246 libertus
1032 2206 1098 2246 eum
1116 2186 1231 2263 timeat,

213 2314 241 2366 et
270 2305 454 2386 obtemperet
478 2303 541 2364 ei¹.
561 2327 575 2358 »
606 2301 763 2382 Idemque
793 2299 954 2384 Ulpianus
981 2299 1054 2362 aliis
1083 2297 1233 2382 exprimit

212 2419 320 2482 uerbis
347 2437 353 2478 :
377 2443 391 2475 «
410 2417 582 2482 Onerandee
605 2417 756 2479 libertatis
778 2437 872 2478 causo
890 2417 985 2496 fucta,
1006 2416 1167 2480 bellissime
1186 2417 1233 2476 itu

211 2535 416 2618 definiuntur,
430 2555 499 2617 quae
517 2534 563 2595 ita
577 2535 792 2616 imponuntur,
809 2543 855 2607 ut,
875 2534 902 2594 si
917 2544 1087 2616 patronum
1106 2532 1233 2594 libertus

213 2651 388 2733 offenderit,
400 2661 552 2734 petuntur
566 2650 603 2711 ab
619 2671 664 2726 eo,
680 2670 858 2732 semperque
871 2650 910 2710 sit
925 2660 1007 2710 metu
1022 2649 1190 2710 exactionis
1205 2646 1233 2708 ei

212 2769 377 2850 subjectus,
398 2777 528 2850 propter
544 2786 632 2848 quem
651 2777 763 2826 metum
784 2764 912 2845 quodvis
930 2765 1079 2825 sustineat
1095 2774 1231 2845 patrono

209 2884 438 2966 praecipientd.
450 2909 465 2938 »
476 2881 637 2945 Exverbis
651 2901 657 2944 :
672 2907 686 2938 n
697 2880 825 2964 quodvis
835 2881 1035 2954 sustineut‚...
1047 2879 1231 2960 obtemperet

214 3002 241 3061 ei
256 3025 271 3057 »
288 2997 563 3083 praesentiendum
579 3004 629 3060 est
643 2996 793 3080 obsequii
808 2995 940 3058 nomine
956 2993 1139 3078 quamlibet
1151 3013 1229 3070 rem,

212 3133 434 3197 quaecumque
446 3119 544 3188 esset,
563 3118 833 3200 quantacumque
850 3116 947 3186 esset,
967 3131 986 3172 a
1001 3115 1141 3194 patrono
1156 3127 1231 3190 pos·

213 3230 311 3293 tulan'
325 3251 435 3314 posse.
453 3229 670 3312 Obsequium,
687 3248 764 3291 cum
779 3227 945 3289 infinitum
962 3234 1060 3302 esset,
1078 3223 1233 3288 omnibus

201 3341 1231 3429 ⁴patronorumexectionibuscausampraebebatpecuniasque,

213 3483 290 3526 cum
305 3461 544 3524 contenderent
558 3460 669 3524 debito
685 3459 846 3540 obsequio
854 3458 999 3522 defuisse
1013 3458 1179 3540 libertum,
1190 3459 1232 3522 ab

213 3600 252 3642 eo
267 3577 470 3662 repetebant.
481 3577 586 3640 Dehis
602 3576 1002 3640 exactionibusPraetores
1013 3582 1229 3639 curaverunt:

215 3723 230 3756 α
243 3697 312 3758 Hoc
335 3695 468 3756 edietum
486 3695 610 3756 Praetor
629 3693 793 3776 proponit,
814 3693 913 3754 refert
937 3691 1109 3775 Ulpianus,
1130 3714 1233 3756 coare·

246 3982 269 4030 r.
287 3982 328 4040 n,
343 3981 432 4043 xciv,
444 3984 468 4044 s,
483 3983 532 4044 es
546 3986 569 4032 r.

246 4053 270 4100 i.
284 4051 426 4112 n.‚xn1v,
441 4055 465 4114 5,
482 4053 504 4115 r,
521 4053 535 4114 s
550 4056 573 4102 s.
