3080 5034
315 647 351 700 26
624 643 778 706 QUOMODO
802 645 867 699 PER
888 644 1017 698 SllllVOS

354 789 425 852 Alia
436 788 609 852 commoda
620 795 713 852 erant
722 790 844 872 quibus
855 789 980 853 domini
992 788 1033 851 ad
1044 787 1077 850 id
1088 788 1335 871 impellerentur

314 912 351 968 ut
365 905 599 1028 servowtius
614 925 714 987 quam
729 906 850 970 liberos
861 906 1011 969 homines
1026 905 1059 967 in
1075 905 1217 987 negotiis
1232 924 1332 988 nego-

314 1021 574 1103 tiationibusque
589 1021 794 1085 adhiberent.

350 1137 446 1199 ¹Servi
466 1137 552 1200 enim
573 1157 639 1198 non
657 1137 772 1200 militia
788 1137 1091 1221 adstringebantur,
1108 1136 1220 1218 itaque
1235 1142 1330 1218 pote·

314 1259 387 1316 rant
401 1253 471 1316 sine
487 1252 552 1316 ulla
567 1253 833 1316 intermissionne
845 1253 988 1336 negotiis
1004 1272 1129 1315 vacare.
1143 1236 1233 1314 Idem
1246 1272 1335 1314 com-

313 1369 459 1445 modum,
484 1376 660 1452 antequam
684 1369 874 1432 recentibus
893 1369 1024 1452 legibus
1045 1369 1213 1452 provisum
1235 1373 1333 1445 esset,

313 1487 434 1550 nostris
460 1486 559 1548 etiam
589 1486 811 1569 temporibus,
840 1487 874 1548 in
908 1485 1123 1548 conterminis
1153 1484 1334 1568 praesertim

312 1602 516 1686 regionibus,
541 1601 583 1663 ad
611 1601 644 1664 id
668 1601 858 1685 impellebat
879 1603 1086 1686 negotiantes
1110 1606 1146 1664 ut
1167 1601 1206 1662 iis
1229 1600 1336 1682 magis

312 1723 481 1780 uterentur
499 1717 690 1780 hominibus
710 1718 767 1800 qui
793 1719 944 1781 neutrius
963 1717 1076 1802 populi
1100 1723 1210 1780 essent
1234 1717 1334 1794 cives,

312 1855 389 1897 cum
412 1834 553 1917 priorem
574 1834 764 1897 amisissent
786 1835 951 1898 civitatem
974 1855 1081 1917 neque
1101 1834 1236 1896 alteram
1259 1853 1337 1896 con-

313 1951 417 2012 secuti
432 1956 553 2013 essent.

354 2067 436 2130 Cum
447 2065 753 2130 domiserviendum
764 2072 920 2143 est,terra
931 2065 1226 2141 aranda,utensilia
1236 2065 1334 2127 fabri-

312 2184 430 2260 canda,
447 2183 545 2246 facile
565 2183 762 2266 intelligitur
779 2203 948 2245 servorum
967 2182 1038 2245 haec
1058 2202 1129 2245 esse
1144 2201 1257 2265 opera;
1276 2181 1333 2244 sed

313 2321 388 2361 cum
412 2299 452 2361 de
482 2299 625 2380 negotiis
646 2298 995 2381 negotiationibusque
1016 2298 1136 2382 agitur,
1157 2299 1191 2360 in
1213 2297 1335 2380 quibus

312 2415 434 2497 emptio
453 2421 486 2476 et
505 2413 650 2476 venditio
672 2415 870 2488 continetur,
893 2415 945 2476 vix
967 2414 1112 2477 creditur
1135 2435 1192 2477 eos
1213 2414 1336 2497 quibus

312 2529 393 2591 nibil
408 2535 478 2591 erat
493 2529 675 2612 proprium,
691 2531 747 2612 qui
769 2551 809 2592 ne
832 2530 998 2594 debitores
1013 2531 1145 2613 quidem
1161 2550 1232 2592 esse
1247 2535 1336 2612 pote-

313 2651 386 2708 rant
398 2651 489 2708 tanta
504 2645 568 2707 fide
586 2645 706 2729 dignos
727 2647 934 2710 existimatos
950 2647 1054 2710 fuisse
1069 2653 1131 2710 eta
1147 2646 1288 2709 dominis
1303 2651 1336 2708 et

311 2761 353 2824 ab
369 2763 416 2824 eis
434 2784 510 2824 cum
526 2761 648 2844 quibus
664 2762 933 2846 negotiabantur.

354 2879 390 2941 ln
406 2878 540 2941 domino
560 2899 598 2942 ea
617 2879 649 2941 in
668 2879 781 2962 primis
801 2885 872 2943 eret
891 2900 969 2963 erga
989 2900 1119 2942 servum
1143 2879 1224 2942 fides
1244 2900 1332 2961 quae,

312 3015 386 3058 cum
402 2995 436 3056 in
460 2996 564 3078 ipsius
589 2997 718 3076 agentis
742 2995 883 3059 utilitate
903 2997 1109 3073 inniteretur,
1130 2997 1191 3058 etsi
1212 2995 1326 3078 optimi

314 3111 475 3195 cujusque
491 3112 634 3174 bominis
649 3111 870 3196 integritatem
892 3133 958 3176 non
973 3119 1129 3194 aequaret,
1147 3117 1235 3176 certe
1252 3112 1334 3174 mul-

315 3234 423 3290 torum
448 3227 645 3310 probitatem
674 3234 855 3311 superaret.
882 3229 980 3290 Liber
1006 3229 1105 3292 homo
1131 3229 1275 3291 nummis
1303 3232 1336 3290 et

314 3349 445 3426 quaestu
462 3344 580 3407 tentari
596 3350 717 3427 potest,
734 3345 802 3408 sive
822 3351 859 3408 ut
874 3345 971 3408 abeat
985 3365 1061 3408 cum
1076 3344 1203 3419 loculiS,
1220 3345 1287 3407 sive
1300 3349 1337 3405 ut

321 3459 472 3521 fraudem
489 3460 589 3522 saciat
606 3461 635 3522 ei
651 3461 708 3542 qui
724 3461 795 3542 ejus
811 3461 916 3524 utitur
930 3461 1052 3524 officio.
1071 3463 1143 3525 Una
1163 3466 1292 3523 tantum
1307 3479 1341 3522 re

318 3590 431 3632 servus
452 3572 572 3633 tentari
592 3578 712 3654 potest,
735 3593 809 3655 quae
831 3573 987 3636 omuibus
1009 3579 1102 3636 terrae
1124 3573 1246 3635 divitiis
1274 3571 1336 3634 sibi

315 3687 523 3767 praestantior
531 3687 584 3764 sit,
596 3687 757 3750 libertate.
770 3714 785 3746 «
797 3689 936 3750 Libertas
945 3690 1167 3751 inaestimabilis
1183 3709 1229 3750 res
1238 3697 1281 3750 eet
1295 3691 1335 3749 ¹.»

316 3855 431 3917 captivis
461 3857 591 3917 possedit.
624 3858 712 3908 Etiam
737 3860 823 3908 servis
849 3859 917 3922 suiS,
941 3860 988 3922 qui
1014 3860 1172 3918 voluissent,
1195 3857 1338 3920 pecuniam

316 3927 400 3976 dabat
414 3944 420 3974 :
433 3928 482 3975 hac
498 3928 540 3976 illi
556 3943 656 3990 pueros
671 3930 833 3980 coemebant
847 3944 916 3992 quos
936 3944 985 3993 per
1004 3945 1105 3980 annum
1125 3945 1140 3980 a
1160 3945 1188 3980 se
1206 3930 1300 3979 doctos
1312 3931 1340 3978 et

317 3998 478 4047 exercitatos
492 3999 656 4048 vendebant.

350 4071 373 4118 r.
388 4069 430 4132 o,
449 4070 479 4130 t,
498 4073 536 4130 u,
550 4072 604 4120 mc.
