3080 5034
335 617 373 672 84
646 611 800 676 QUOMODO
824 613 890 666 PER
911 612 1040 666 SERVOS

334 760 451 824 tilitate
481 779 565 842 opus
589 764 658 821 erat
683 779 749 841 qua
777 764 949 821 caveretur
977 765 1015 820 ut
1040 757 1215 841 ¹peculium
1249 771 1350 840 penes

334 876 505 940 dominum
539 880 732 938 remaneret.
761 876 852 937 Data.
873 875 1037 947 libertate,
1059 893 1126 938 non
1153 873 1228 936 ideo
1256 895 1354 956 pecu-

333 993 415 1055 lium
437 992 548 1067 datur;
570 989 704 1053 domino
728 989 848 1053 licebat
871 990 1039 1074 peculium
1064 995 1181 1064 totum,
1208 990 1258 1052 vel
1280 991 1353 1072 ejus

334 1113 461 1192 partem
487 1107 636 1182 retinere,
662 1127 871 1189 servumque,
897 1083 1076 1168 dummodo
1105 1111 1193 1168 esset
1217 1106 1353 1189 triginta

333 1245 438 1288 annos
462 1230 572 1299 natuS,
590 1224 624 1286 in
643 1224 728 1306 Juris
745 1223 851 1286 civilis
873 1223 978 1285 lorma
993 1223 1177 1306 perlectum
1197 1221 1352 1285 libertum

330 1343 453 1405 lacere.
475 1379 515 1388 -
538 1342 640 1404 Recte
662 1338 806 1422 quidem,
824 1339 851 1402 si
875 1338 1043 1422 peculium
1059 1359 1137 1402 cum
1159 1359 1197 1401 eo
1219 1340 1354 1422 negotio

334 1457 424 1540 quod
448 1456 533 1539 gerit
554 1463 668 1518 servus
699 1475 767 1518 non
793 1461 861 1518 tam
884 1461 967 1538 apte
981 1463 1168 1518 connexum
1195 1462 1297 1529 esse.t;
1323 1461 1355 1517 et

334 1573 410 1635 inde
424 1572 514 1635 aliud
529 1578 763 1654 argumentum
777 1571 874 1634 nobis
890 1571 1088 1634 sumendum
1103 1577 1153 1633 est
1167 1591 1224 1634 eos
1241 1592 1353 1634 servos

335 1688 522 1771 negotiatos
550 1707 631 1750 esse.
657 1687 778 1750 Servus
800 1687 912 1770 quiin
933 1687 1159 1770 negotiatione
1179 1686 1355 1749 adhibetur

334 1823 401 1865 non
428 1804 505 1865 sinc.
520 1809 618 1880 sorte,
638 1802 673 1866 id
695 1809 746 1864 est
769 1823 835 1864 non
851 1803 921 1865 sine
942 1802 1085 1884 peculio,
1106 1823 1179 1864 eam
1204 1822 1354 1865 exercere

329 1923 454 2001 potest,
478 1923 515 1980 ut
530 1918 600 2000 jam
620 1918 824 1993 notavimus;
845 1919 885 1991 si,
902 1917 1056 1999 adempto
1071 1917 1225 1999 pecunie,
1240 1938 1354 1980 manu-

334 2032 487 2107 mittitur,
499 2033 578 2115 quid
594 2033 715 2096 faeiat?
726 2035 799 2096 Non
811 2033 883 2116 jam
895 2034 1060 2117 negotiari
1068 2040 1192 2117 potest;
1203 2034 1231 2096 si
1241 2041 1352 2097 autem

335 2148 552 2231 negatiationi
567 2148 707 2212 idoneus
722 2155 773 2211 est
787 2151 838 2231 (ut
853 2169 892 2212 ex
906 2159 944 2212 eo'
961 2150 1147 2212 existimare
1157 2149 1245 2224 licet,
1265 2150 1353 2232 quod

334 2263 488 2328 dominus
502 2284 578 2326 eum
594 2264 810 2345 manumisit),
828 2264 998 2328 dominum
1016 2265 1123 2329 eidem
1136 2266 1353 2348 negotiationi

334 2379 473 2444 alterum
490 2379 655 2462 praefieere
670 2388 806 2442 necesse,
819 2381 1046 2464 erit'Expedit
1060 2382 1194 2444 domino
1210 2402 1352 2456 servum,

333 2500 449 2577 postea
470 2494 636 2570 libertum,
652 2495 685 2556 in
705 2495 823 2558 codem.
845 2487 922 2558 actu
944 2496 1064 2560 habere
1088 2503 1121 2560 et
1142 2497 1217 2560 ideo
1237 2497 1353 2560 eodem

333 2609 466 2693 peculio
478 2609 643 2674 munitum
656 2631 859 2694 permanere.

332 2767 339 2775 -
373 2725 429 2788 Sic
444 2725 526 2808 legis
539 2726 647 2790 Juniae
662 2726 826 2790 Norbanae
842 2733 875 2789 et
889 2719 990 2790 causa
1010 2728 1108 2791 simul
1129 2735 1162 2791 et
1183 2728 1241 2794 illa
1259 2729 1353 2792 intel-

332 2839 448 2924 ligitur
460 2841 631 2925 dispositio
647 2863 724 2924 quae¹
735 2843 830 2908 aliter
844 2843 897 2904 vix
911 2843 1066 2926 explicari
1081 2843 1197 2926 possit.

334 3079 354 3119 .·
373 3063 497 3140 Quanti
511 3063 669 3126 momenti
685 3069 773 3126 esset
787 3064 841 3126 illa
862 3064 896 3126 in
912 3063 1103 3127 libertorum
1123 3065 1219 3128 bonis
1241 3065 1351 3130 debita

332 3193 407 3261 pars
428 3198 468 3240 ex
486 3198 525 3241 eo
547 3178 727 3258 intelligere
744 3199 922 3262 possumus
942 3180 1031 3262 quod
1050 3181 1239 3257 accuratius
1260 3201 1352 3244 eave-

331 3293 429 3360 batur
442 3314 483 3356 ne
499 3314 537 3356 ea
552 3299 701 3356 carerent
716 3295 878 3376 patroni1.

333 3409 488 3480 :Latino
508 3408 624 3472 liberto
649 3409 920 3493 Imperator-ipse
935 3411 989 3494 jus
1010 3412 1182 3488 Quiritium.
1200 3433 1266 3475 non
1286 3413 1350 3476 nisi

339 3577 340 3585 ’
362 3591 384 3636 t.
403 3587 469 3637 Cum
490 3588 598 3637 Tacitus
623 3587 701 3638 nobis
724 3589 846 3653 pingit«
864 3589 989 3638 debilem
1014 3594 1042 3639 et
1066 3594 1188 3652 egentem
1215 3592 1348 3640 nobilium

331 3658 449 3719 turbam,
465 3673 535 3720 quos
551 3660 626 3721 ipsos
647 3659 804 3722 liberosque
822 3661 916 3723 patriae
934 3661 1019 3723 Galba
1040 3661 1198 3714 reddiderat
1211 3683 1233 3720 ι,
1249 3663 1326 3712 addit
1342 3681 1348 3710 ε

332 3751 342 3770 ι
371 3729 481 3778 Gratum
505 3730 672 3792 primoribus
695 3731 824 3792 civitatis,
850 3732 932 3781 etiam
957 3733 1049 3794 plebes
1077 3733 1247 3796 approbavit,
1275 3735 1348 3795 quod

329 3801 445 3850 reversis
461 3801 496 3850 ab
510 3802 606 3851 exsilio
615 3801 679 3864 jura
694 3803 854 3853 libertorum
866 3804 1048 3854 concessisset·
1059 3804 1216 3868 (Vitellius).
1232 3827 1242 3845 ·
1260 3805 1348 3867 (Hist,

329 3871 361 3934 11,
381 3874 431 3934 92.)
444 3900 476 3908 -
490 3873 556 3922 Cum
574 3873 666 3922 Plinus
680 3874 775 3935 junior
790 3879 865 3938 rogat
882 3881 913 3924 ut
932 3876 1098 3936 quibusdam
1118 3876 1214 3925 civitas
1229 3877 1349 3926 Romano

330 3943 418 4004 detur,
434 3943 507 3993 inter
521 3943 639 3994 civitatis
653 3943 716 4005 jura
737 3946 910 3995 commodum
930 3946 999 3995 illud
1016 3947 1042 3995 in
1061 3947 1158 4009 primis
1173 3951 1257 4006 notat,
1274 3948 1348 4010 quod

329 4013 368 4064 ita
382 4036 392 4056 a
410 4015 445 4065 iis
457 4015 484 4064 in
503 4015 615 4066 libertos
630 4022 755 4066 servetur
765 4016 812 4078 jus
824 4023 1000 4080 patronorum
1015 4041 1037 4066 ι.
1051 4019 1159 4082 (Epist).
1171 4019 1202 4081 X,
1220 4020 1256 4082 θ’.)
1297 4061 1313 4066 ..
