3080 5034
319 613 354 664 62
630 611 785 676 QUOMODO
809 612 875 666 Pilll
896 611 1026 665 SllllVOS

318 755 553 840 peculiumque
576 756 691 819 datum
707 778 772 820 non
788 757 851 820 nisi
867 756 1009 839 quadam
1031 757 1301 838 compensatione
1322 775 1341 817 a

318 872 452 935 domino
490 877 620 955 sperata
658 873 798 956 intelligi
834 878 953 956 potest.
981 872 1063 950 Quae
1101 871 1341 954 compensatio,

319 988 474 1050 inchoata
489 988 667 1070 aliquando
686 1009 747 1051 nec
765 990 911 1072 perfecie
927 1009 965 1051 eo
985 994 1211 1070 temporeque
1228 1007 1344 1049 servus

321 1102 488 1186 peculium
504 1104 627 1188 accipit
641 1124 680 1167 ea
701 1105 774 1188 lege
796 1111 833 1167 ut
850 1104 1025 1188 pecuniam
1042 1103 1142 1166 semel
1157 1103 1208 1166 vel
1224 1103 1344 1165 iterum

232 1280 235 1285 .
322 1219 438 1296 solvat,
455 1219 577 1301 quibus
596 1220 658 1283 viis
677 1221 850 1303 modisque
870 1227 946 1303 post
965 1214 1258 1282 manumissionem
1274 1218 1344 1280 fieri

321 1333 500 1417 perficique
520 1341 642 1418 posset,
659 1336 755 1398 nobis
769 1356 870 1411 nunc,
887 1356 926 1398 ex
941 1335 1135 1400 libertorum
1155 1332 1345 1398 conditione

322 1451 463 1513 breviter
474 1451 633 1533 exposita,
650 1452 863 1534 quaerendum
881 1457 941 1514 est.

362 1566 527 1641 Libertus,
553 1567 621 1629 sive
649 1567 682 1628 in
707 1568 843 1651 negotio
871 1567 922 1630 vel
950 1567 984 1629 in
1010 1566 1245 1650 negotiatione,
1267 1565 1344 1627 dum

323 1703 436 1745 servus
461 1688 529 1745 erat
549 1682 779 1760 adhibebatur,
801 1683 870 1746 sive
889 1704 967 1760 non,
989 1689 1129 1765 patrono
1153 1707 1168 1739 «
1190 1701 1307 1765 operas
1329 1706 1344 1737 »

323 1798 430 1861 debet.
449 1799 485 1860 ln
501 1799 649 1862 animum
665 1800 776 1862 statim
792 1800 882 1862 venit
897 1819 1009 1862 earum
1025 1818 1199 1882 operarum
1214 1797 1346 1859 nomine

323 1914 470 1998 potuisse
500 1922 678 1998 patronum
706 1915 739 1978 id
768 1916 898 1998 exigere
924 1914 1014 1997 quod
1042 1914 1085 1977 ad
1113 1911 1346 1998 perficiendam

325 2031 626 2115 compensationem
641 2032 813 2115 quaesitam
830 2030 1053 2094 necessarium
1069 2035 1167 2092 esset.

366 2147 430 2210 Sed
445 2148 517 2231 ipsa
532 2168 707 2231 operarum
722 2153 852 2224 natura,
865 2153 902 2210 ut
914 2147 989 2229 jure
1003 2152 1036 2209 et
1052 2145 1200 2208 moribus
1213 2143 1345 2206 definita

325 2268 405 2339 erat,
420 2267 566 2344 ternpore
581 2283 647 2344 quo
664 2263 747 2324 servi
762 2283 828 2325 non
847 2263 880 2324 in
898 2268 945 2325 tot
966 2261 1132 2344 tantisque
1151 2259 1347 2342 negotiatio-

326 2376 423 2438 nibus
434 2375 583 2439 adhiberi
592 2377 753 2450 solebant,
765 2378 806 2440 iis
815 2377 1024 2462 repugnabat
1032 2376 1216 2440 rationibus
1226 2375 1349 2458 quibus

327 2498 485 2575 patronus
496 2497 621 2575 partem
632 2493 1347 2577 inlibertilucr0,exnegotiationeexoerptO,

326 2607 389 2670 sibi
404 2607 575 2691 providere
589 2615 715 2692 posset;
723 2610 875 2692 jurisque
885 2609 1028 2672 consulti
1041 2609 1123 2672 mira
1132 2607 1349 2691 intelligentia

326 2723 483 2787 adversus
498 2730 713 2808 patronorum
733 2725 972 2810 postulationes
991 2725 1184 2788 restiterunt
1199 2744 1240 2785 ne
1255 2723 1350 2786 liber-

326 2846 436 2903 torum
463 2839 598 2903 libertas
626 2841 724 2903 nimis
758 2848 968 2917 oneraretur,
998 2840 1348 2924 negotiationemque,
1428 2875 1431 2880 ι

327 2976 411 3037 quas
426 2956 598 3018 exercebat
613 2955 763 3034 libertuS,
780 2977 976 3040 progressus
989 2955 1214 3040 impediretur.

368 3072 484 3153 Operae
499 3077 557 3134 aut
572 3072 724 3154 officiales
739 3079 798 3136 aut
813 3074 940 3149 fabriles
955 3071 1163 3135 dicebantur.
1181 3068 1350 3134 Olficiales

328 3206 446 3270 opera,
471 3192 508 3249 ut
531 3187 596 3249 lert
622 3208 754 3264 nomen,
785 3188 905 3251 officiis
934 3187 1184 3270 honoribusque
1210 3192 1350 3269 patrono

329 3302 448 3366 debitis
471 3302 694 3382 continentur,
718 3310 751 3366 et
778 3304 819 3367 ad
846 3303 1053 3388 propositum
1080 3308 1232 3366 'nostrum
1259 3300 1350 3362 nullo

329 3417 427 3480 modo
442 3418 616 3501 pertinent.

371 3533 516 3596 Fabriles
526 3554 603 3597 vero
618 3554 736 3617 operae,
752 3540 789 3597 ut
803 3534 986 3618 exscriptis
1001 3532 1351 3618 apparet,plerumque

329 3648 363 3710 in
382 3649 494 3731 aliquo
516 3650 698 3712 ministerio
719 3651 907 3715 consistunt
926 3649 1015 3733 quod
1034 3650 1063 3712 is
1083 3649 1218 3712 reddere
1243 3651 1352 3731 potest

329 3762 385 3844 qui
401 3762 526 3826 liberali
540 3764 680 3828 artificio
691 3765 827 3828 functus
842 3772 902 3828 est.
917 3767 1034 3843 Quem,
1049 3763 1128 3827 dum
1139 3782 1253 3853 servps
1269 3765 1349 3835 erat,

329 3877 483 3941 dominus
509 3879 687 3956 medicum,
717 3881 894 3963 pictorem,
927 3880 1112 3955 librarium,
1143 3878 1348 3971 scriptorem,

329 3995 609 4058 nomenclatorem
636 3995 790 4072 habebat,
816 3996 955 4079 ejusque
983 3995 1210 4078 intelligentiae
1234 3992 1350 4056 soller-
