3080 5034
516 635 806 690 Nauorlnttnnrttu
828 636 958 690 nonant
1224 636 1259 691 55

234 786 506 866 compensaretur
527 801 603 864 quae
627 781 787 857 moribus,
809 781 950 845 utilitate
972 781 1044 867 ipsa
1068 781 1258 846 introducta

233 903 315 972 erat,
331 897 510 981 imagoque
524 897 632 960 verior
649 896 818 960 societatis
833 896 1062 960 restitueretur
1074 897 1171 961 nobis
1187 885 1268 962 ins-¹

233 1003 423 1087 piciendnm
439 1011 500 1067 est.
1150 1016 1152 1021 ’

276 1116 312 1178 ln
324 1104 440 1199 primis
454 1115 596 1198 legimus
607 1121 731 1178 certam
746 1115 951 1198 pecuniama
966 1135 1060 1178 servo
1075 1116 1260 1198 qui'manu-

235 1231 417 1299 mittendus
428 1237 489 1303 est,
499 1231 634 1294 domino
650 1231 699 1293 vel
712 1231 824 1294 heredi
833 1251 920 1314 saepe
929 1231 1119 1295 solvendam
1135 1232 1257 1298 luisse:

237 1371 253 1405 «
271 1347 395 1410 Stichus
410 1369 514 1410 servas
533 1367 626 1424 meus,
636 1347 744 1429 jubeo,
761 1357 796 1408 ut
809 1347 872 1423 det,
885 1357 1013 1430 praestet
1027 1347 1102 1430 filiae
1124 1358 1151 1409 et
1168 1350 1260 1410 acori

235 1483 318 1536 meae,
336 1463 495 1526 heredibus
510 1465 595 1538 meis,
608 1464 674 1524 siue
688 1463 756 1523 ulla
766 1464 974 1525 controversia
989 1473 1032 1524 tot
1047 1483 1171 1538 aureos;
1188 1473 1215 1524 et
1225 1473 1259 1524 ut

235 1579 338 1662 ipsum
352 1581 585 1662 manumittunt,
597 1579 669 1662 fidei
682 1599 786 1641 eorum
795 1581 948 1641 conimitto
960 1581 982 1642 ¹.
997 1605 1012 1636 »
1030 1580 1112 1657 Quae
1124 1577 1258 1656 solutio,

223 1703 537 1778 -antequarnservus
547 1695 715 1771 liberetur,
726 1694 796 1758 fieri
804 1693 914 1769 debet,
922 1700 965 1769 et,
976 1716 1043 1758 non
1054 1715 1151 1758 secus
1159 1701 1259 1778 atque

236 1812 402 1874 rationum
422 1809 665 1874 reddendarum
684 1809 842 1886 conditi0,
857 1809 1000 1872 libertati
1015 1809 1137 1884 obstat,
1153 1809 1258 1872 donec

236 1947 309 1990 cam
337 1925 514 2009 perfecerit
537 1945 662 1989 servus.
687 1927 842 1988 Attamen
875 1925 964 1988 facto
994 1931 1163 2007 receptum
1190 1931 1261 1997 erat

237 2063 368 2106 servum
387 2043 421 2104 in
437 2042 605 2126 plerisque
624 2041 771 2118 casibus,
784 2041 864 2104 durn
884 2041 965 2119 satis
984 2041 1088 2114 daret,
1105 2040 1260 2124 possead

237 2158 429 2222 libertatem
449 2158 519 2222 sine
545 2178 637 2221 mora
666 2157 846 2241 pervenire,
868 2155 1106 2239 rescripsitque
1131 2157 1261 2218 Marcus

236 2274 390 2337 Aurelius
408 2293 414 2335 :
434 2299 449 2331 a
460 2274 565 2356 Neque
579 2275 745 2336 hamanum
752 2274 850 2353 fuerit
860 2274 896 2335 ob
905 2274 950 2334 rei
959 2273 1151 2356 pecuniariae
1163 2289 1261 2354 quaes·

237 2393 360 2467 tionem,
379 2389 515 2451 libertati
528 2409 647 2475 moram
662 2389 734 2475 fieri
744 2390 765 2452 ².
785 2414 799 2444 »

278 2504 344 2568 Sed
367 2525 457 2566 nunc
477 2503 686 2588 probandum
707 2509 768 2578 est,
791 2503 880 2586 quod
904 2503 946 2567 ad
970 2510 1120 2566 nostrum
1142 2523 1262 2586 propo-

238 2621 338 2684 situm
353 2621 461 2704 magis
476 2620 605 2696 attinet,
623 2639 697 2682 cam
720 2620 898 2703 pecuniam
921 2639 988 2682 non
1003 2620 1144 2702 pretium
1166 2619 1261 2682 liber-

238 2737 315 2800 tatis
327 2736 441 2805 iuissc‚
459 2735 518 2800 sed
534 2735 840 2818 compensationem
856 2733 1034 2817 quamdam
1049 2754 1110 2817 pro
1127 2754 1262 2796 conces-

240 2853 332 2916 sione
351 2851 489 2935 grandis
511 2852 634 2935 peculii
652 2871 719 2934 qno
739 2849 982 2934 negotiationes
1008 2869 1094 2933 saepe
1116 2849 1262 2930 ingentes

241 2967 501 3031 continerentur.
519 2969 602 3030 Cum
618 2966 786 3050 peculium
801 2986 820 3028 a
840 2985 935 3030 servo
947 2963 1106 3048 paulatim
1121 2970 1154 3026 et
1168 2964 1262 3046 quasi

237 3083 385 3146 collectis
400 3082 542 3166 singulis
553 3082 689 3146 assibus
705 3087 920 3165 comparatur
940 3080 1086 3172 emendae
1102 3079 1263 3142 libertatis

238 3219 350 3276 causa,
372 3199 485 3262 statim
509 3203 547 3261 ut
566 3197 729 3278 libertatis
752 3197 857 3281 pretio
881 3217 1016 3279 compar
1036 3201 1096 3272 est,
1113 3195 1263 3258 libertate

239 3319 464 3398 permutatur;
490 3313 551 3392 sic,
572 3319 730 3376 nascente
750 3312 912 3392 libertate,
934 3311 1033 3374 simul
1053 3311 1137 3394 perit
1162 3329 1263 3392 pecu-

240 3429 331 3492 lium.
347 3431 459 3512 Longe
473 3429 537 3493 alia
551 3435 602 3492 est
617 3427 765 3492 conditio
779 3448 894 3491 eorum
907 3447 1076 3504 servorum
1086 3425 1127 3489 de
1141 3425 1262 3508 quibus

241 3545 420 3628 loquimur.
438 3545 622 3622 Peculium,
644 3550 681 3608 ut
697 3545 764 3627 jarn
784 3543 937 3620 diximus,
954 3563 1021 3605 non
1036 3543 1078 3605 ab
1100 3541 1147 3604 eis
1171 3561 1264 3604 corn·

239 3667 385 3744 paratur,
409 3661 467 3726 sed
491 3683 509 3725 a
534 3660 678 3724 dominis
703 3679 819 3724 eorum
841 3659 1067 3736 constituitur,
1093 3657 1262 3741 nequead
