3080 5034
285 656 323 707 40
607 652 761 716 QUOMODO
785 652 850 706 PER
873 651 1001 705 SERVOS

328 829 342 858 r
357 801 481 863 Stichus
496 811 532 894 ,et
553 800 669 862 Damas
692 799 772 860 serui
794 801 864 873 mei,
890 800 1071 861 strutiones
1100 799 1308 874 reddideritis,

288 917 376 978 liheri
390 926 481 978 estate
491 894 512 978 i,
531 941 546 970 s
558 951 598 960 -
614 913 778 992 «Stichus,
795 917 821 976 si
835 917 970 977 rationes
986 914 1152 997 ditiqenter
1166 925 1311 978 tractasse

286 1031 449 1103 uidebitur,
469 1031 545 1092 hiber
559 1033 651 1092 estat
667 1056 681 1088 »
700 1065 736 1077 -
754 1055 768 1087 «
789 1030 984 1113 Pamphilus,
1006 1032 1033 1091 si
1052 1030 1123 1092 hene
1141 1052 1171 1092 se
1186 1034 1312 1112 {cesserit

285 1147 460 1208 rationibus
469 1147 554 1222 meis,
567 1147 643 1208 liter
653 1149 743 1208 esta³.
759 1172 774 1202 s
786 1182 823 1193 -
834 1171 848 1204 «
862 1146 1059 1228 onesiphoro,
1072 1147 1134 1207 nisi
1148 1145 1312 1228 diliqenter

283 1263 433 1324 rationem
448 1263 625 1338 excusseris,
644 1261 721 1322 liher
733 1283 770 1323 ne
781 1264 873 1324 esta‘.
890 1287 904 1319 »
1237 1237 1240 1240 .

329 1379 423 1460 Saepe
449 1378 547 1439 etiam
567 1377 634 1439 filio
661 1397 722 1439 suo
747 1377 891 1439 rationes
912 1376 1004 1439 reddi
1024 1376 1119 1458 jubet
1142 1383 1304 1440 testator:

289 1519 303 1550 «
316 1492 499 1575 Parnphihus
511 1491 587 1553 liber
601 1502 674 1568 esto,
687 1493 732 1552 ita
745 1501 779 1552 ut
793 1491 871 1574 filiis
886 1493 960 1553 meis
975 1493 1127 1553 rationem
1140 1491 1249 1553 reddat
1259 1493 1280 1552 ⁵.
1293 1517 1307 1549 »

290 1607 416 1686 Quodsi
439 1607 527 1669 filius
543 1607 656 1688 junior
673 1613 771 1680 esset,
792 1627 853 1670 uec
880 1607 960 1670 satis
977 1627 1135 1689 magnum
1156 1626 1252 1670 usum
1276 1609 1309 1670 in

290 1724 388 1786 rebus
416 1723 538 1785 hebere
564 1722 818 1797 existimaretur,
852 1723 1017 1784 rationum
1046 1721 1184 1786 redditio
1200 1729 1311 1806 'atque

288 1839 359 1922 ipse
371 1839 506 1900 libertas
525 1838 558 1899 iu
573 1837 655 1900 illud
670 1844 801 1921 tempus
819 1837 1035 1900 differebatur
1054 1859 1121 1920 quo
1136 1839 1224 1902 filius
1239 1840 1310 1922 ipse

289 1955 431 2017 rationes
444 1961 596 2016 excutere
609 1961 721 2038 posset
733 1961 833 2037 etque
844 1975 957 2017 vecuae
967 1955 1109 2034 gestioni
1124 1955 1306 2037 providere.

290 2071 489 2152 Plerumque
507 2071 575 2132 fere
597 2077 710 2132 sextus
730 2076 763 2132 et
784 2069 933 2132 decimus
953 2089 1059 2132 annus
1082 2091 1119 2132 ea
1143 2076 1212 2132 erat
1231 2077 1310 2134 setas

292 2207 357 2268 qua
382 2187 423 2248 ad
449 2187 592 2249 rationes
613 2185 822 2269 accipiendas
842 2184 983 2248 idoneus
1006 2185 1195 2264 haberetur,
1215 2193 1252 2249 ut
1272 2207 1312 2250 ex

293 2303 425 2384 scriptis
447 2308 582 2384 apparet
609 2326 616 2365 :
642 2328 656 2358 «
682 2301 829 2383 Cupitum
850 2322 971 2363 seruum
995 2322 1104 2379 meum,
1130 2323 1197 2364 eum
1223 2304 1310 2364 Mar-

293 2419 399 2478 cianus
425 2417 511 2498 [ihus
539 2438 622 2478 meus
643 2416 772 2478 sedecim
797 2438 894 2478 annas
922 2419 1108 2500 impleverit,
1140 2420 1312 2481 rationibus

294 2531 424 2594 redditis
440 2531 568 2593 hiberum
582 2552 642 2594 esse
657 2532 725 2594 vala
738 2534 759 2594 ⁶.
778 2559 793 2590 s
809 2569 848 2578 -
865 2561 880 2590 n
896 2533 942 2594 Ah
965 2533 1125 2595 heredibus
1140 2536 1214 2596 meis
1225 2544 1309 2617 pete,

290 2651 423 2733 fideique
444 2670 547 2711 earum
572 2651 739 2724 committa,
757 2670 824 2711 eum
848 2650 934 2732 fitius
956 2671 1038 2712 meus
1057 2651 1186 2716 sedecim
1212 2672 1309 2712 annas

291 2767 475 2849 implerer-it,
498 2764 638 2829 Stichum
660 2766 833 2828 rationibus
852 2765 984 2828 redditis
1005 2769 1228 2828 manumittant
1244 2767 1266 2829 ⁷.
1294 2792 1308 2822 »

290 2919 327 2930 -
340 2908 354 2940 «
369 2882 529 2944 December
539 2883 833 2964 dispensatarmeus,
841 2881 973 2944 Seuerus
981 2882 1103 2944 villicus
1113 2892 1141 2944 ct
1154 2883 1311 2945 Victorina

292 2999 409 3072 villica,
432 2998 795 3074 Seueri'contuhernahis,
812 2998 846 3058 in
867 3018 962 3058 annas
978 3007 1043 3060 ecta
1065 2997 1154 3060 liberi
1168 3006 1257 3059 sunta
1274 2999 1284 3034 ⁸
1302 3018 1309 3059 z

292 3117 414 3198 quasin
433 3115 603 3176 ministeria
621 3115 683 3197 filii
702 3117 762 3178 mei
775 3136 844 3206 ¹esse
862 3117 931 3178 vala
953 3141 960 3181 :
984 3138 1003 3178 a
1024 3126 1051 3179 te
1068 3125 1171 3178 autern
1190 3117 1308 3190 Seuere,

502 3374 509 3399 ,
555 3341 636 3401 ‚stt

322 3697 344 3743 6.
360 3696 402 3754 Ι).,
417 3695 469 3752 xt,
482 3699 506 3753 5,
524 3697 562 3757 tt,
576 3697 589 3756 S
604 3698 642 3744 m.

324 3769 346 3815 r.
362 3766 467 3826 u.‚xt,
484 3770 506 3828 5,
524 3771 563 3824 u,
575 3769 589 3828 g
603 3769 641 3816 13.

325 3840 348 3886 8.
364 3837 422 3894 Qua
442 3841 564 3900 tempore
580 3837 652 3886 tilius
674 3841 777 3900 septem
797 3843 824 3888 et
847 3839 940 3889 decem
960 3837 1049 3889 'annos
1068 3844 1147 3889 nutus
1167 3841 1227 3898 erit,
1249 3854 1311 3890 num

294 3922 327 3957 ee
343 3911 465 3970 tempore
483 3922 537 3971 quo
553 3913 631 3972 puter
650 3910 803 3960 testabatur
823 3911 954 3960 novennis
972 3914 1038 3973 erat,
1057 3916 1084 3961 et
1100 3911 1314 3972 jurisconsultus

292 3985 385 4028 monet
397 3983 457 4030 octo
469 3994 555 4030 anuos
568 3994 622 4030 uon
637 3980 707 4030 udie
720 3981 816 4031 mortis
832 3982 879 4032 sed
897 3982 982 4045 magis
993 3995 1010 4032 u
1025 3982 1069 4033 die
1081 3984 1235 4033 testamenti
1248 3983 1312 4034 raeti

292 4052 490 4114 computandos
505 4065 573 4102 esse.
