3080 5034
453 636 744 694 Nuuorrnusnruu
766 639 899 696 nonnul
1162 639 1199 692 43

169 783 227 866 qui
255 783 438 845 «rationes
465 782 716 846 administrasse
741 784 917 860 dicatur»,
946 805 1004 868 per
1027 783 1198 847 fideicom-

168 900 306 962 missum
320 898 572 975 libertasdatur‚
583 901 753 983 rescripsit
767 901 820 966 his
834 901 944 965 verbis
953 902 1084 964 Marcus
1094 904 1197 966 Aure-

168 1016 258 1078 lius:
282 1042 296 1073 «
318 1015 501 1078 Confestim
522 1015 645 1078 arbiter
659 1037 678 1078 a
693 1017 839 1082 Praetore
854 1017 917 1081 erit
943 1017 1084 1089 dandus,
1106 1018 1195 1102 apud

169 1152 266 1214 quem
293 1131 466 1208 rationem,
481 1151 583 1213 quam
604 1131 853 1196 administrasse
875 1153 951 1195 eum
974 1134 1138 1215 apparuit,
1156 1154 1197 1196 ex

170 1246 234 1310 fide
255 1246 405 1309 reddat¹.
424 1273 439 1304 »
457 1246 586 1320 Nonne,
603 1253 642 1308 ut
664 1246 780 1312 eadem
809 1247 1024 1312 similitudine
1047 1269 1113 1330 qua
1129 1247 1199 1329 jam

170 1364 221 1424 usi
247 1383 365 1426 sumus
388 1362 487 1424 etiam
509 1367 654 1438 utamur,
682 1363 804 1428 arbiter
823 1363 878 1426 ille
901 1363 931 1426 ei
951 1364 1008 1446 qui
1029 1364 1062 1425 in
1085 1371 1199 1427 nostro

169 1481 243 1562 jure
257 1479 429 1542 dissolutae
444 1473 613 1542 societatis
628 1479 774 1542 rationes
789 1479 921 1562 expedit
935 1480 1052 1543 merito
1069 1500 1201 1563 compa·

172 1594 297 1658 randus
318 1597 390 1658 est?
412 1594 517 1657 Suum
540 1595 673 1676 utrique
692 1594 818 1670 tribuit,
841 1595 897 1659 sed
919 1595 1007 1660 inter
1028 1596 1200 1658 dominum

173 1731 371 1792 servumque
383 1709 552 1772 difficilior
565 1710 698 1792 partitio
714 1717 775 1784 est,
788 1717 922 1795 propter
931 1713 1099 1796 peculium
1110 1713 1200 1795 quod

171 1828 244 1909 jure
259 1825 396 1900 domini,
412 1845 447 1888 re
461 1831 562 1907 atque
576 1826 668 1890 sacto
681 1827 767 1889 servi
783 1833 864 1890 erat.

213 1944 262 2006 Ex
281 1941 354 2004 aliis
381 1940 512 2004 indiciis
535 1941 623 2004 idem
653 1941 774 2004 clarius
802 1949 949 2026 apparet,
980 1948 1018 2004 ut
1041 1965 1080 2005 ex
1111 1943 1200 2026 frag-

176 2057 296 2120 mentis
304 2057 339 2119 in
349 2056 471 2139 quibus
481 2056 522 2133 de
530 2056 676 2120 fortuitis
687 2057 821 2120 casibus
832 2058 890 2140 qui
901 2057 1051 2120 accidere
1063 2064 1202 2140 possunt

175 2174 286 2257 agitur
311 2193 318 2234 :
342 2199 357 2230 «
379 2173 417 2234 ln
439 2173 585 2256 negotio,
606 2173 697 2256 quod
714 2173 884 2236 voluntate
901 2173 1026 2236 domini
1047 2173 1201 2236 adminis-

175 2295 281 2352 trasse
299 2294 514 2373 proponatur,
538 2307 576 2351 ea
591 2289 725 2369 damna,
741 2310 815 2371 quae
835 2307 913 2352 casu
938 2290 984 2352 ita
1008 2289 1199 2363 acciderint,

178 2412 213 2468 ut
242 2425 338 2468 servo
365 2405 447 2466 nihil
470 2405 576 2487 possit
599 2404 767 2486 imputari,
788 2425 854 2468 non
880 2407 1044 2489 pertinere
1064 2405 1105 2469 ad
1130 2405 1202 2468 reli-

177 2541 318 2604 quorum
334 2521 451 2583 onus².
463 2545 477 2577 u
491 2519 540 2583 Ex
551 2519 616 2583 alio
632 2513 820 2603 fragmento
833 2521 992 2585 discimus
1007 2543 1149 2598 servum,
1166 2529 1203 2584 ut

178 2637 360 2700 confestim
376 2635 459 2699 liber
478 2636 533 2712 sit,
550 2636 709 2700 satisdare
724 2636 844 2700 debere
864 2637 904 2700 de
925 2638 1064 2721 reliquo,
1084 2666 1097 2696 «
1113 2639 1202 2720 quod

176 2752 353 2816 obscurius
368 2757 419 2814 est
431 2778 446 2808 »
462 2757 496 2814 et
516 2752 674 2835 temporis
695 2758 804 2815 tractu
824 2753 1055 2816 tantummodo
1075 2753 1202 2814 definiri

177 2875 296 2950 potest,
312 2887 520 2950 sequensque
530 2866 632 2949 hujus
641 2867 764 2930 decreti
774 2887 874 2930 causa
885 2867 983 2930 datur
996 2888 1002 2929 :
1017 2868 1093 2929 «Ne
1108 2866 1203 2929 multi

176 2983 219 3046 ad
246 2983 435 3046 libertatem
463 2982 633 3066 pervenire
664 3003 731 3045 non
761 2983 908 3066 possint,
942 2983 1068 3045 incerta
1103 3003 1203 3045 causa

179 3099 329 3174 rationis,
349 3105 383 3162 et
398 3117 519 3181 genere
533 3097 660 3180 negotii
676 3097 901 3180 hujusmodi³,
919 3124 933 3154 »
952 3097 1049 3176 Quod
1067 3125 1081 3154 «
1099 3118 1204 3181 genus

180 3215 304 3298 negotii
321 3241 335 3272 »
354 3213 416 3276 etsi
431 3233 498 3276 non
513 3213 716 3288 nominatur,
733 3220 844 3276 tamen
864 3215 1087 3297 periculosum
1103 3214 1204 3278 fuisse

177 3328 310 3393 ridetur
328 3326 438 3411 neque
457 3329 498 3392 ad
518 3328 699 3392 domestica
720 3329 853 3412 negotia
870 3329 1087 3405 referendum,
1104 3329 1206 3392 idem-

183 3465 245 3528 que
256 3465 324 3507 non
334 3442 527 3526 infrequens
534 3444 639 3506 fuisse
650 3465 690 3506 ex
700 3445 764 3508 hoc
772 3443 931 3507 discimus
940 3443 1029 3527 quod
1040 3471 1054 3501 «
1066 3445 1204 3532 multis»

183 3559 215 3624 id
227 3562 397 3627 decretum
411 3559 574 3642 proderat.
635 3609 637 3614 2
669 3578 671 3584 ’

226 3673 271 3736 Ut
283 3671 354 3754 jam
370 3670 570 3748 notavimus,
586 3674 633 3734 ea'
645 3672 744 3734 verba
759 3672 927 3753 neqotr'cm,
943 3674 1113 3755 neqotiatio
1126 3674 1207 3736 nihil

217 3899 239 3945 1.
254 3897 295 3958 D,
308 3897 362 3958 XL,
378 3902 402 3959 5,
415 3900 454 3948 37.

217 3970 239 4016 2.
254 3969 297 4030 Ι).,
311 3969 364 4032 XL,
379 3972 402 4029 5,
415 3973 455 4030 tt,
469 3971 483 4033 S
499 3974 523 4019 't

218 4041 241 4087 3.
251 4039 293 4099 D,
307 4040 362 4102 XL,
373 4044 396 4100 t,
409 4043 433 4101 5,
450 4053 491 4103 pr.
