3080 5034
316 615 333 667 8
737 610 921 664 PROOEllll'll

315 765 480 830 senatum,
506 778 573 819 uuo
595 762 725 839 patrum
752 755 930 838 adjurante
954 755 991 818 C.
1014 755 1174 819 Flaminio
1203 783 1217 812 »ι
1241 757 1352 820 latam

311 893 395 936 esse.
416 874 453 935 T.
472 873 584 935 Livius
603 873 702 935 etiam
716 871 832 953 adjicit
852 889 859 931 :
879 899 892 926 ιι
912 872 987 946 Res,
1002 891 1061 954 per
1079 891 1242 934 summam
1260 893 1349 935 con·

308 989 495 1051 tentionem
512 995 597 1064 acta,
618 987 774 1050 invidiam
789 987 878 1070 apud
893 986 1097 1050 nobilitatem
1113 988 1241 1049 suasori
1255 988 1347 1071 legis

313 1103 488 1180 Flamini0‚
503 1104 650 1165 savorem
665 1101 753 1185 apud
769 1101 897 1185 plebem
912 1101 1119 1185 alterumque
1132 1102 1206 1174 inde
1221 1123 1349 1165 consu-

311 1219 429 1296 latum,
446 1219 585 1302 peperit.
604 1245 619 1275 »
642 1218 721 1280 lude
738 1217 826 1279 clare
842 1223 979 1300 apparet
998 1218 1146 1300 patribus
1165 1239 1233 1280 rem
1248 1219 1346 1281 cordi

313 1337 456 1399 maxime
487 1336 600 1408 luisse,
627 1333 837 1417 politicisque
865 1333 984 1396 studiis
1012 1340 1044 1396 et
1070 1334 1345 1397 contentionibus

314 1455 423 1511 actam
453 1467 538 1520 esse,
562 1466 638 1508 cum
668 1444 762 1528 plebs
792 1451 923 1527 patrum
949 1445 1231 1527 negotiationibus
1258 1446 1345 1506 invi·

311 1564 405 1625 deret
434 1582 559 1643 eosque
587 1560 724 1622 aemulos
752 1559 872 1622 habere
901 1559 1014 1622 nollet.
1045 1561 1120 1638 Quo
1149 1580 1215 1622 non
1243 1561 1343 1623 facile

312 1678 432 1739 melius
456 1676 638 1758 reperietur
658 1681 893 1758 argumentum
916 1682 949 1737 et
968 1681 1077 1759 patres
1096 1682 1128 1738 et
1150 1675 1277 1758 plebem
1303 1677 1339 1738 in

312 1792 595 1876 negotiationibus
610 1798 758 1854 versatos
772 1796 873 1853 esse.¹

353 1909 419 1986 Qui
450 1915 561 1971 autem
593 1907 774 1971 iustiniani
808 1905 941 1969 Codicis
971 1906 1149 1988 quamdam
1181 1907 1338 1968 invocant

313 2024 420 2108 legem
434 2026 456 2102 ²,
483 2027 516 2087 in
541 2045 607 2107 qua
632 2049 647 2080 ι(
672 2023 857 2086 tabernaria
887 2050 902 2079 »
923 2029 956 2085 et
978 2048 993 2078 «ι
1016 2043 1090 2105 quae
1113 2023 1337 2085 mercimoniis

312 2141 443 2223 publice
465 2141 598 2224 praeiuit
622 2166 636 2196 »
662 2160 739 2202 cum
765 2139 871 2222 turpis
895 2139 1095 2200 conditionis
1114 2139 1244 2200 leminis
1263 2158 1337 2220 pro-

310 2258 439 2318 miscue
469 2257 674 2331 nominatur,
706 2276 772 2317 uon
808 2255 849 2317 ad
879 2255 987 2337 ipsum
1016 2254 1099 2336 legis
1127 2255 1336 2337 propositum

309 2371 495 2434 attendunt.
514 2373 588 2449 Qua
598 2371 671 2454 lege
681 2372 727 2434 ita
736 2378 890 2434 cavetur:
906 2371 1098 2434 «Senatores
1111 2392 1164 2432 seu
1173 2372 1337 2453 perfectis-

310 2489 412 2561 simos,
430 2488 477 2547 vel
492 2508 568 2568 quos
582 2488 615 2547 in
631 2488 807 2549 civitatibus
830 2487 1065 2548 Duumvirilitus
1085 2487 1132 2548 vel
1150 2485 1335 2560 Sacerdotii,

310 2601 344 2663 id
357 2612 412 2677 est,
426 2603 681 2664 Pheniciorclriae
708 2603 754 2664 vel
774 2603 965 2685 Syriarcltiae
983 2611 1163 2663 omamentu
1190 2601 1337 2663 condeco-

309 2727 382 2778 rant
395 2738 401 2778 :
415 2719 518 2800 ploret
531 2720 685 2780 maculam
700 2719 802 2780 subire
817 2720 965 2799 infamiae,
978 2729 1007 2779 et
1022 2717 1139 2778 alienos
1155 2739 1174 2778 a
1189 2717 1335 2778 Romanis

310 2833 426 2915 le9ibus
445 2836 526 2916 fieri,
552 2837 580 2896 si
599 2856 637 2896 er
662 2834 815 2897 ancilla...
838 2833 1003 2915 (sequitur
1021 2833 1225 2895 enumeratio
1240 2833 1333 2893 semi-

307 2970 423 3012 narum
443 2951 549 3033 turpis
570 2950 770 3012 conditionis
790 2951 823 3010 in
841 2970 907 3031 qua
925 2949 1111 3011 tabernaria
1131 2949 1332 3028 continetur)

305 3078 461 3148 susceptos
479 3067 562 3148 filios
583 3068 616 3126 in
637 3087 765 3127 numero
787 3066 992 3146 legitimorum
1012 3065 1121 3126 lubere
1136 3065 1298 3126 voluerint.
1316 3089 1331 3120 u

306 3182 389 3258 Quis
411 3203 477 3244 non
496 3182 652 3265 intelligit
670 3183 756 3244 hanc
776 3181 884 3264 legem
898 3181 940 3244 ad
955 3181 1210 3264 magistratuum
1225 3179 1333 3261 digni-

305 3303 418 3373 tatem,
436 3298 478 3360 ad
493 3317 622 3361 morum
636 3298 831 3380 gravitatem
847 3297 948 3359 latam
962 3317 1046 3374 esse,
1063 3317 1128 3378 qua
1144 3294 1335 3378 providetur

305 3432 346 3472 ne
375 3414 431 3494 qui
465 3415 647 3496 primorum
672 3413 815 3476 civitatis
843 3412 996 3474 ordinum
1025 3418 1103 3475 suut
1131 3411 1331 3473 commercia

301 3527 446 3608 jungant
476 3549 553 3591 cum
582 3529 776 3591 mulieribus
805 3528 926 3590 infimae
954 3527 1173 3591 conditionis?
1199 3528 1327 3599 Nonne,

301 3643 424 3704 nostris
445 3645 544 3705 etiam
567 3645 782 3728 temporibus,
797 3645 829 3706 in
849 3644 995 3707 exercitu
1009 3649 1162 3706 vetantur
1176 3663 1242 3704 non
1258 3647 1328 3703 tan-

334 3810 354 3854 t.
372 3805 536 3855 addendum
557 3810 599 3854 est
613 3806 683 3855 hanc
702 3807 790 3868 legem
808 3820 860 3855 non
888 3806 935 3855 diu
955 3806 1084 3868 viguisse.
1100 3805 1168 3854 Huic
1185 3804 1257 3852 enim
1272 3803 1325 3863 legi

299 3876 495 3939 similibusque
511 3877 605 3927 Cicero
617 3878 714 3926 alludit
730 3892 791 3927 cum
806 3878 904 3926 scribit
919 3895 925 3926 :
939 3899 949 3920 ·
963 3878 1088 3939 Antiquae
1103 3880 1167 3926 sunt
1182 3875 1239 3924 istae
1252 3876 1324 3934 teges

298 3951 325 3997 et
338 3952 461 3997 mortuae.
481 3971 490 3989 ι
508 3949 549 4008 (ln
567 3949 650 4012 Verri,
665 3953 718 3999 act.
734 3951 757 4010 2,
770 3950 801 4010 V,
818 3949 866 4011 18.)

329 4021 353 4068 2.
372 4019 411 4082 0.,
430 4019 460 4081 V,
477 4022 515 4080 27,
532 4023 554 4070 t.
