3080 5034
324 606 360 657 76
633 604 787 669 QUOMODO
810 605 876 660 run
898 605 1027 660 SERVOS

324 751 365 813 ad
386 762 491 813 uestro
514 761 650 833 temporo
672 752 747 812 ratis
765 753 935 828 obscurum,
957 763 1049 834 utque
1068 753 1147 814 riute
1162 753 1302 836 plenum,
1319 765 1347 814 et

324 867 461 950 undique
480 868 642 946 confusum
659 892 687 943 »‚
703 872 741 929 ut
760 866 832 948 ipse
846 866 891 929 ait
911 867 1120 930 Justinianus
1131 873 1151 929 ¹.
1171 869 1254 946 Quae
1270 889 1348 931 con-

324 982 410 1044 fusio
425 982 563 1045 diversis
582 982 693 1045 causis
711 982 854 1045 adscribi
870 988 990 1065 potest,
1005 983 1062 1046 sed
1082 983 1116 1045 in
1138 983 1253 1067 primis
1268 985 1347 1047 huic

324 1119 398 1181 quae
412 1097 454 1160 ad
469 1104 620 1161 nostrum
633 1098 839 1181 propositum
861 1097 985 1161 directe
1005 1099 1123 1162 attinet
1146 1119 1153 1161 :
1175 1101 1346 1183 negotian-

322 1213 405 1276 tium
420 1213 508 1276 enim
522 1233 704 1289 servorum,
716 1233 793 1276 mox
807 1213 1013 1288 libertorum,
1026 1234 1206 1298 eommque
1221 1215 1347 1298 majore

322 1330 356 1392 in
384 1329 455 1392 dies
478 1330 611 1413 peculio
637 1329 834 1392 donatorum
873 1350 951 1392 cum
977 1337 1141 1393 cresceret
1174 1351 1345 1406 numerus,

323 1446 452 1528 patroni
467 1445 500 1509 in
516 1445 708 1509 libertorum
724 1446 937 1509 successione
952 1446 1145 1530 ampliorem
1156 1467 1221 1510 non
1233 1447 1347 1511 imme·

321 1561 386 1625 rito
400 1562 613 1645 postulabant
627 1568 769 1645 partem;
787 1582 864 1625 cum
880 1582 919 1624 eo
932 1561 1006 1645 ipso
1019 1568 1178 1647 tempore,
1196 1563 1347 1628 moribus

321 1677 508 1741 laventibus
523 1684 623 1761 atque
637 1678 736 1740 simul
751 1676 973 1761 philosophia,
991 1697 1130 1742 necnon
1150 1679 1345 1742 Christianae

319 1792 489 1876 religionis
516 1794 617 1857 tacita
634 1793 706 1876 jam
730 1793 921 1868 diffusione,
941 1793 1063 1877 saepius
1088 1793 1122 1856 in
1148 1794 1343 1858 libertorum

320 1909 466 1972 favorem
481 1914 692 1973 statueretur.
715 1981 718 1986 ¹

361 2026 444 2088 Cum
460 2025 585 2109 duplici
600 2024 654 2088 illa
669 2024 902 2114 contrariaque
916 2025 1087 2088 voluntate
1106 2024 1344 2089 distraheretur

321 2139 376 2205 illa
390 2142 583 2205 libertorum
599 2140 821 2204 successionis
836 2141 984 2210 materia.
1001 2140 1087 2204 inter
1101 2141 1221 2204 multas
1236 2149 1344 2205 muta-

321 2259 427 2322 tiones
440 2261 680 2339 varietatesque
694 2261 824 2320 versata
839 2263 900 2331 est,
917 2277 991 2340 quae
1006 2257 1227 2321 dubitantium
1249 2258 1343 2321 haesi-

319 2373 528 2455 tantiumque
543 2372 728 2435 animorum
743 2372 970 2436 testimonium
985 2373 1142 2437 referunt.

329 2527 334 2531 -
359 2491 396 2551 ln
420 2486 534 2572 primis
558 2487 812 2550 discernendum
836 2494 886 2551 est
908 2488 983 2571 quis
1002 2489 1241 2561 manumiserit,
1267 2486 1343 2572 quis

319 2604 544 2669 manumissus
555 2604 608 2680 sit,
621 2605 720 2668 homo
735 2604 777 2667 ab
792 2605 936 2681 homine,
948 2625 990 2668 an
1006 2605 1127 2668 semina
1140 2605 1182 2668 ab
1196 2605 1343 2682 homine,

320 2741 362 2786 an
377 2723 477 2785 homo
492 2741 511 2784 a
526 2720 661 2796 femina,
673 2741 716 2784 an
731 2721 852 2783 femina
868 2720 1036 2796 alemina;
1049 2727 1148 2804 atque
1159 2721 1342 2786 notandum

320 2846 370 2903 est
399 2843 595 2922 patronatus
617 2838 693 2920 jura
718 2837 900 2920 praesertim
927 2843 1027 2900 aucta
1050 2837 1155 2900 fuisse
1178 2837 1211 2899 in
1236 2837 1342 2920 primo

320 2975 411 3029 casu,
429 2974 505 3017 cum
520 2954 620 3016 homo
635 2953 677 3016 ab
692 2953 826 3016 homine
840 2954 1137 3027 manumitteretur,
1154 2953 1244 3036 quod
1264 2974 1341 3016 curn

320 3070 477 3154 praedicta
498 3068 599 3151 hujus
620 3069 785 3132 auctionis
807 3089 907 3132 causa
930 3069 1010 3132 satis
1033 3069 1231 3132 conveniens
1254 3069 1343 3131 inve-

321 3187 440 3263 nietur,
457 3186 484 3248 si
504 3183 750 3248 meminerimus
770 3186 920 3249 homines
941 3185 1062 3269 saepins
1081 3206 1181 3268 quam
1203 3185 1343 3248 seminas

323 3301 356 3364 in
377 3301 508 3384 magnis
532 3299 675 3383 negotiis
694 3300 1045 3383 negotiationibusque
1060 3299 1209 3363 adhiberi
1228 3299 1343 3362 solitos

322 3436 406 3494 esse,
427 3422 459 3479 et
482 3415 751 3499 patremfamilias
771 3416 882 3499 potius
902 3436 1002 3498 quam
1022 3435 1158 3479 uxorem
1179 3416 1345 3479 curavisse

322 3535 363 3598 de
386 3535 438 3604 his
459 3534 562 3596 servis
585 3534 732 3617 quinon
754 3535 861 3598 solum
887 3535 938 3598 sui
958 3534 1148 3619 patrimonii
1174 3555 1263 3616 pars,
1287 3536 1345 3598 sed

323 3651 422 3713 etiam
436 3655 566 3712 actores
580 3656 702 3713 essent.
720 3651 829 3714 Unum
851 3651 941 3714 hunc
963 3651 1066 3733 igitur
1083 3669 1200 3714 casum
1219 3658 1349 3734 specta-

320 3764 440 3828 bimus.

352 3994 373 4044 r.
391 3991 469 4055 rust,
484 3994 528 4054 ιιι,
543 3995 591 4057 cs
606 3998 646 4046 ιο.
718 4049 721 4053 ,
746 4047 748 4052 ,
