3080 5034
444 621 734 678 uueornnuurun
755 621 887 674 noulru
1151 620 1187 672 re
1215 585 1218 593 ’

132 832 142 843 ,
164 769 297 852 quando
312 773 432 852 potest,
449 767 532 830 utin
551 767 743 831 liberalibus
762 766 900 840 artibus,
917 765 975 828 sed
995 765 1190 848 plerumque

165 885 274 967 aliqua
300 883 371 966 jam
397 889 486 946 sorte
517 903 603 964 opus
629 891 679 946 est
707 903 775 966 quo
802 881 909 964 major
939 880 997 943 fiat
1025 886 1187 962 quaestus;

167 1002 250 1066 adde
272 1000 362 1084 quod
386 999 535 1069 libertus,
552 1021 628 1063 cum
650 1020 716 1063 non
740 1004 817 1061 ante
840 997 1045 1081 trigesimum
1066 1017 1189 1059 annum

168 1117 479 1193 manumitteretur,
517 1123 682 1198 quaestum
724 1121 821 1177 antea
855 1115 981 1177 lactum
1024 1134 1090 1176 non
1128 1113 1191 1174 sibi

169 1235 256 1296 lecit.
287 1231 519 1295 Confitendum
553 1237 604 1294 est
633 1231 735 1314 igitur
766 1230 840 1294 illas
871 1249 951 1314 opes
986 1250 1026 1291 ex
1058 1228 1192 1290 domino

169 1350 291 1412 venire.

211 1463 308 1544 Quod
323 1465 350 1526 si
368 1463 534 1540 concedis
544 1484 610 1526 non
618 1463 687 1546 jarn
703 1461 922 1526 dubitandum
937 1467 988 1524 est
1002 1461 1082 1544 quin
1094 1480 1193 1543 nego-

170 1581 345 1644 tiationum
370 1601 470 1643 causa
497 1579 582 1643 datae
605 1578 740 1642 luerint.
762 1578 964 1660 Largitatern
984 1577 1110 1640 domini
1127 1577 1194 1638 for-

169 1698 255 1760 sitan
271 1697 454 1772 invocares,
471 1717 533 1758 nec
553 1695 673 1758 desunt
693 1694 856 1778 exempla;
874 1694 931 1757 sed
951 1693 1194 1756 observandum

170 1820 221 1876 est
245 1813 273 1874 si
296 1812 366 1874 solo
387 1812 497 1874 animo
522 1811 667 1874 donandi
689 1810 856 1873 dedissent
877 1809 1014 1884 domini,
1035 1831 1102 1872 non
1120 1811 1194 1872 vivo

170 1928 301 2002 liberte,
318 1927 393 1990 dein
409 1927 579 2002 defuncto,
593 1926 682 2009 quod
698 1925 869 2002 dederant,
885 1946 945 2008 pro
960 1933 1051 2008 parte
1066 1926 1192 1999 saltem,

170 2049 318 2126 repetere
337 2049 550 2120 conarentur,
573 2042 768 2125 expediebat
788 2041 898 2103 minus
920 2041 1009 2103 dare.
1030 2041 1064 2102 Si
1084 2046 1194 2102 autem

170 2157 362 2242 negotiandi
390 2178 504 2234 causa,
534 2157 672 2241 ipsaque
698 2156 935 2240 negotiationis
968 2155 1121 2230 utilitate,
1153 2155 1193 2217 ad

171 2277 316 2340 dandum
331 2279 439 2360 magis
454 2298 493 2340 ac
510 2277 618 2360 magis
632 2277 666 2339 in
681 2277 753 2340 dies
767 2276 912 2361 prolapsi
934 2277 1080 2354 luerunt,
1098 2276 1195 2339 lacile

171 2393 376 2478 intelligitur,
406 2399 482 2476 post
509 2394 711 2476 negotiantis
739 2399 892 2470 mortem,
918 2415 975 2457 eos
1005 2395 1196 2476 quaesivisse

171 2509 338 2593 quomodo
367 2516 494 2593 partem
518 2509 590 2592 ejus
614 2509 704 2592 quod
729 2510 898 2574 dedissent
918 2517 1135 2592 quaestusque
1158 2532 1197 2573 ex

171 2645 209 2688 eo
224 2625 304 2688 faeti
321 2630 522 2708 repeterent.

210 2742 285 2824 Ipsa
311 2741 399 2808 enim
425 2747 574 2824 tempora
603 2739 725 2825 quibus
751 2747 966 2824 patronorum
987 2741 1063 2823 jura
1090 2742 1197 2823 magis

171 2861 269 2938 atquc
297 2855 404 2938 magis
428 2861 526 2918 aucta
555 2861 645 2931 sunt,
675 2876 749 2938 quae
784 2855 885 2918 fuerit
912 2855 1000 2918 illius
1032 2857 1197 2918 auctionis

172 2991 272 3034 causa
296 2971 376 3034 satis
400 2971 591 3054 praedicant,
614 2991 692 3034 cum
719 2991 757 3033 ea
782 2971 866 3034 adeo
890 2991 909 3033 a
934 2972 1080 3034 Praetore
1099 2978 1197 3034 aucta

173 3086 295 3150 luerint
318 3093 395 3170 post
417 3087 543 3150 Punica
568 3086 664 3164 bella,
690 3086 764 3170 lege
786 3092 898 3149 antem
923 3087 1026 3170 Papia
1055 3088 1196 3171 Poppaea

174 3199 307 3264 ineunte
323 3203 474 3284 Imperio,
491 3203 524 3266 id
539 3209 590 3264 est
605 3223 644 3265 co
665 3208 813 3286 ternpore
828 3222 894 3285 quo
909 3203 1057 3266 victoriis
1077 3203 1196 3266 divitiae

175 3323 355 3392 creverant,
378 3338 417 3380 eo
444 3339 510 3401 quo
535 3339 617 3402 pace
642 3318 773 3380 savcnte
799 3339 855 3381 eas
874 3319 907 3381 in
934 3318 1013 3382 orbe
1035 3325 1195 3382 terrarum

175 3433 304 3496 facilius
319 3453 471 3497 exercere
482 3434 613 3497 licebat.

215 3549 250 3610 Si
265 3549 433 3612 societatis
449 3549 583 3612 nomine
613 3569 690 3632 pars
709 3549 850 3613 debetur
868 3557 1008 3633 patrono
1032 3552 1064 3613 in
1089 3552 1197 3616 liberti

174 3663 395 3739 successione,
422 3685 489 3727 non
508 3668 577 3743 jam
602 3665 825 3728 dubitandum
847 3672 898 3729 est
921 3667 1001 3749 quin
1031 3660 1075 3730 ea'
1093 3669 1197 3732 socie-

172 3785 223 3842 tas
250 3779 403 3843 nonalia
428 3780 471 3842 sit
495 3801 595 3863 quam
618 3780 673 3843 illa
700 3782 908 3845 oeconomica
933 3784 1076 3846 societas
1099 3806 1199 3869 nego-

172 3893 319 3957 tiationis
348 3914 450 3957 causa
479 3895 565 3957 inter
592 3894 762 3958 dominum
793 3917 993 3980 servumque
1028 3899 1195 3972 inchoata,

175 4009 287 4072 cadem
307 4029 381 4092 quae
399 4030 418 4072 a
441 4009 566 4072 Rutilio
592 4011 737 4072 Praetore
758 4011 791 4072 in
816 4012 915 4074 certis
935 4013 1070 4074 casibus
1091 4029 1197 4093 prenae
