3080 5034
318 648 355 700 42
628 644 782 708 QUOMODO
806 644 871 698 Pllll
894 643 1022 697 SllllVOS

359 792 408 855 Ex
427 790 478 852 his
499 789 656 872 exemplis
678 795 815 873 apparet
838 789 1005 852 rationum
1033 789 1200 852 volumina
1225 791 1337 873 magni

318 904 477 968 momenti
497 903 610 979 fuisse,
628 924 668 966 ex
687 923 754 986 quo
774 924 840 966 non
861 909 990 966 tantum
1010 902 1051 965 ad
1071 903 1271 966 domesticas
1287 925 1339 967 res

318 1022 481 1105 pertinere
502 1019 666 1096 videntur,
690 1019 748 1082 sed
770 1019 868 1082 etiarn
897 1019 931 1081 in
956 1019 1007 1082 his
1029 1019 1189 1103 ampliora
1208 1021 1343 1102 negotia

319 1138 368 1200 vel
394 1135 635 1220 negotiationes
660 1135 775 1198 referri
804 1135 1059 1198 existimandum
1087 1141 1147 1198 est.
1172 1136 1219 1198 Eo
1250 1137 1339 1218 quod

319 1259 411 1316 tanta
432 1272 511 1314 cura
535 1252 569 1313 in
592 1251 775 1314 rationibus
799 1250 975 1315 reddendis
996 1250 1228 1328 adhibebatur,
1249 1241 1340 1314 idem

319 1368 501 1452 probatur,·
519 1367 713 1450 plerumque
737 1372 876 1430 testator
895 1367 1027 1450 scripsit
1055 1387 1061 1429 :
1095 1389 1132 1429 ee
1161 1368 1223 1450 fida
1250 1369 1340 1444 berra,

321 1485 497 1566 diligenter.
523 1509 537 1540 «
565 1482 776 1566 Diligentiam
805 1482 990 1545 desiderare
1014 1503 1086 1546 cam
1107 1483 1275 1560 debemus
1298 1485 1344 1546 ait

317 1599 591 1682 jurisconsultus
606 1619 680 1680 quae
696 1597 842 1675 domino,
853 1619 919 1661 non
936 1619 1009 1680 quae
1023 1619 1117 1662 servo
1127 1599 1227 1662 luerit
1240 1599 1341 1662 utilis.

322 1715 393 1777 Erit
420 1720 533 1776 autem
563 1714 593 1776 ci
622 1713 802 1797 diligentiae
831 1714 1011 1796 conjuncta
1041 1714 1122 1776 tides
1148 1715 1248 1791 bona,
1278 1735 1344 1778 non

322 1830 429 1892 solum
445 1830 478 1892 in
494 1829 679 1892 rationibus
690 1829 893 1906 ordinandis,
908 1829 1077 1892 sedetiam
1093 1831 1126 1892 in
1140 1830 1266 1913 reliquo
1278 1831 1346 1893 red-

323 1945 462 2008 dendo¹.
480 1980 520 1992 -
536 1945 702 2008 Libertate
717 1966 811 2008 servo
831 1945 893 2008 sub
914 1946 1102 2009 conditione
1117 1947 1253 2009 rationis
1269 1947 1343 2009 red-

322 2060 399 2124 ditae
408 2067 604 2125 testamento
616 2060 703 2135 data,
715 2061 811 2124 heres
819 2081 885 2124 non
897 2062 1004 2124 solum
1015 2063 1171 2146 scriptam
1183 2063 1342 2125 rationem

322 2177 436 2260 exigit,
451 2198 566 2239 verum
587 2177 685 2240 etiam
703 2198 777 2259 quae
797 2177 867 2239 sine
888 2178 1049 2260 scriptura
1070 2177 1112 2240 ab
1132 2199 1170 2241 co
1186 2178 1343 2241 adminis-

322 2299 407 2354 trata
422 2293 499 2355 est2.
513 2317 528 2349 »

362 2409 410 2470 Ex
431 2407 630 2489 quibusdam
659 2407 802 2489 denique
830 2409 1043 2492 fragmentis³
1072 2410 1231 2473 discimus
1259 2411 1345 2474 duos

323 2542 433 2584 servos
468 2522 502 2584 in
542 2521 656 2585 eadem
695 2517 845 2606 gestione
884 2520 1050 2588 adhibitos
1085 2526 1205 2604 fuisse,
1242 2547 1343 2609 quam

321 2639 490 2720 ingentem
503 2638 607 2701 fuisse
619 2658 686 2701 non
701 2637 864 2702 immerito
879 2639 956 2702 inde
967 2641 1120 2704 creditur.

361 2754 451 2817 Idem
476 2754 597 2816 clarius
619 2761 756 2838 apparet
783 2776 823 2818 ex
847 2756 929 2819 locis
947 2756 980 2817 in
1005 2757 1127 2839 quibus
1150 2757 1190 2820 de
1216 2757 1341 2820 arbitro

320 2873 431 2954 agitur
456 2898 470 2928 κ
491 2873 525 2934 in
549 2892 679 2934 servum
701 2877 737 2934 et
750 2871 922 2934 dominum
940 2872 1017 2935 dato
1036 2899 1050 2930 »
1073 2872 1114 2934 ad
1129 2871 1344 2935 excutiendas

321 2991 482 3062 rationes;
503 2987 559 3069 qui
582 2988 729 3070 quidem,
751 2989 778 3048 si
802 2988 1033 3051 tantummodo
1055 3009 1101 3050 eae
1122 2989 1265 3051 rationes
1280 2989 1345 3072 pri-

323 3104 408 3166 vatis
420 3103 675 3184 domesticisque
686 3102 784 3165 rebus
795 3103 1055 3181 continerentur,
1066 3125 1127 3167 cur
1137 3105 1346 3167 interveniret

324 3220 435 3281 minus
449 3217 647 3294 videremus,
663 3217 844 3301 praesertim
860 3239 936 3281 curn
952 3220 1102 3297 Romani,
1121 3226 1158 3282 ut
1170 3219 1238 3302 jam
1257 3226 1345 3282 retu-

321 3334 430 3408 limus
453 3333 644 3396 domesticis
664 3333 697 3394 in
715 3333 873 3416 impensis
895 3335 1078 3398 scribendis
1098 3335 1343 3418 diligentissimi

320 3448 629 3530 accuratissimique
656 3454 777 3511 essent.
803 3448 868 3510 «Si
891 3450 1074 3514 rationibus
1103 3450 1238 3514 redditis
1261 3451 1344 3514 liber

321 3583 393 3626 esse
401 3562 516 3645 jussus
532 3563 632 3626 luerit
648 3581 656 3624 ε
674 3564 796 3626 arbiter
807 3564 841 3626 in
855 3586 984 3628 servum
1000 3571 1032 3629 et
1047 3565 1229 3641 dominum,
1246 3566 1344 3631 idest

323 3677 489 3750 heredem,
507 3679 605 3742 datur
632 3679 672 3742 de
701 3680 885 3744 rationibus
911 3682 1145 3745 excutiendis‘.
1165 3709 1180 3740 »
1198 3682 1233 3744 Si
1249 3703 1343 3746 servo

351 3843 373 3888 r.
388 3840 431 3898 n,
445 3839 499 3898 xu,
511 3842 534 3900 r,
546 3842 585 3899 ri,
602 3854 643 3902 pr.

350 3913 373 3958 s.
388 3911 428 3969 n,
442 3909 495 3969 xo,
510 3914 532 3966 r,
546 3914 584 3968 aa,
600 3927 641 3975 pr.

350 3984 373 4030 3.
388 3981 429 4040 n,
444 3981 497 4038 xu,
512 3985 536 4039 r,
556 3985 593 4045 13,
609 3985 622 4046 s
637 3987 697 4046 aet
710 3985 753 4046 u„
767 3984 821 4046 xn,
836 3988 860 4046 r,
877 3988 914 4046 ia,
929 3987 978 4047 sa.
1048 4050 1049 4054 Ἰ
1098 3978 1101 3984 “

351 4052 641 4116 i.o.‚x1„r‚s‚sr.
