3080 5034
319 661 355 717 OO
622 663 776 727 QUOMODO
800 663 865 717 Plllt
886 663 1016 717 SERVOS

316 808 414 891 cujus
429 809 552 872 lamilia
567 809 731 871 exissent¹
748 836 776 872 ».
794 809 853 871 His
868 815 979 872 autem
998 808 1106 872 verbis
1123 831 1156 872 re
1171 811 1337 870 reanumts-

316 926 392 987 soris
416 924 582 1007 peculium
606 929 639 987 et
666 924 935 1002 instrumentum,
955 944 1034 1007 pars
1058 925 1215 988 dominici
1238 925 1338 1008 patri·

315 1041 415 1102 monii
449 1039 607 1118 abscissa,
642 1040 764 1122 quibus
794 1040 1028 1122 negotiabatur
1061 1062 1186 1118 servus,
1216 1041 1338 1123 quibus

316 1175 393 1218 cum
412 1154 564 1218 libertate
589 1154 732 1218 donatus
758 1161 818 1230 est,
844 1155 966 1238 quibus
987 1156 1178 1238 negotiatur
1198 1156 1337 1218 libertus

316 1270 529 1354 intelligenda
551 1277 639 1348 suut,
659 1272 747 1354 quod
768 1272 983 1354 sequentibus
1005 1272 1199 1354 fragmentis
1219 1271 1337 1336 confir·

316 1385 448 1451 matur:
469 1414 482 1446 r
505 1387 614 1451 Verbo
633 1394 755 1462 autem,
772 1388 994 1470 relinquerent,
1011 1388 1112 1451 etiam
1131 1388 1335 1451 hocintelli-

315 1499 461 1588 gendum
476 1510 537 1578 est,
554 1509 589 1566 ut
605 1523 814 1586 quacunque
826 1523 866 1565 ex
881 1524 915 1566 re
929 1503 1012 1586 ejus,
1029 1525 1047 1566 a
1063 1523 1130 1586 quo
1141 1504 1337 1566 manumissi

317 1626 422 1696 erant,
445 1619 610 1702 adquisita
636 1619 790 1694 habeant,
818 1619 1002 1682 restituant.
1026 1619 1090 1682 Sed
1112 1619 1144 1682 id
1179 1619 1336 1702 quemad-

316 1735 452 1799 modum
467 1734 697 1818 accipiendum
712 1735 766 1810 sit,
787 1734 965 1798 videndum
985 1741 1035 1798 est
1055 1754 1062 1796 ε
1088 1741 1243 1798 utrumne
1262 1755 1337 1817 quae

317 1851 546 1935 ignorantibus
572 1851 715 1914 dominis
745 1852 971 1928 abstulissent,
1001 1851 1078 1913 item
1103 1851 1192 1934 quod
1219 1872 1258 1913 ex
1284 1851 1337 1914 his

317 1967 531 2050 adquisitum,
552 1968 687 2032 reddere
709 1968 865 2044 debeant3
894 1989 935 2031 an
957 1987 1034 2030 vero
1053 1967 1152 2047 etiam
1176 1986 1336 2030 concessa

316 2089 347 2145 et
372 2084 493 2147 donata
516 2104 534 2146 a
555 2084 853 2148 manumissoribus
867 2083 1008 2167 amplexi
1024 2083 1090 2146 sint
1110 2083 1338 2165 (senatuscon-

315 2199 390 2262 sulti
404 2203 590 2282 auctores)‘l
605 2200 695 2282 quod
713 2200 819 2283 magis
834 2206 884 2262 est
897 2203 917 2261 ².
937 2225 951 2256 »

355 2315 509 2377 Damnati
525 2315 667 2397 denique
686 2315 794 2377 liberti
815 2335 892 2377 cum
912 2315 999 2377 bona
1015 2313 1237 2398 publicantur,
1256 2314 1336 2378 fisco

317 2430 410 2493 locus
425 2450 491 2492 uon
506 2430 603 2492 estin
617 2436 745 2513 partem
760 2431 890 2513 patroni
901 2433 922 2492 ³.

353 2663 432 2726 Jura
447 2661 481 2724 in
497 2662 577 2725 civis
593 2664 733 2726 Romani
747 2663 856 2726 liberti
874 2663 971 2726 bonis
989 2661 1031 2726 ad
1050 2662 1171 2726 liberos
1192 2662 1334 2745 patroni,

316 2778 344 2841 si
363 2777 391 2841 is
415 2784 491 2842 aute
512 2778 667 2842 libertum
692 2775 883 2856 decedebat,
910 2778 1128 2862 pertinebant,
1154 2777 1269 2840 saltem
1293 2777 1335 2840 ad

316 2891 627 2978 filios,'nepotesque
637 2915 676 2958 ex
686 2895 752 2958 filio
763 2902 796 2958 et
805 2901 1004 2978 pronepotes
1015 2915 1054 2958 ex
1064 2872 1182 2977 nepotc
1193 2899 1336 2956 natos-

317 3031 394 3073 nam
413 3031 473 3093 pro
495 3031 575 3073 sexu
594 3011 822 3094 discrepantiae
838 3017 941 3085 erant,
956 3011 1076 3072 veteris
1096 3009 1234 3093 vestigia
1253 3008 1338 3091 juris

319 3125 361 3188 ad
382 3147 501 3189 novam
522 3127 718 3190 oeconomici
744 3132 849 3189 status
872 3126 1095 3189 conditionem
1120 3124 1279 3209 paulatim
1306 3131 1339 3187 et

313 3242 435 3304 sensim
457 3243 714 3317 accommodati;
739 3279 779 3288 —
803 3241 842 3305 ad
870 3249 1043 3305 extraneos
1067 3247 1177 3305 autem
1199 3240 1335 3303 heredes

312 3377 379 3420 uon
394 3359 612 3441 pertinebant.
630 3360 699 3422 lmo
717 3379 756 3422 cx
770 3357 928 3421 facultate
943 3358 1087 3441 quadam
1101 3365 1240 3441 patrono
1255 3357 1332 3419 data

313 3473 402 3554 quod
417 3481 502 3538 essct
523 3481 726 3538 momentum
749 3481 781 3537 et
800 3481 917 3537 natura
941 3473 1042 3556 hujus
1066 3474 1100 3535 in
1121 3472 1332 3536 successione
1429 3481 1433 3488 '

313 3587 421 3652 liberti
431 3583 552 3654 'debite
567 3591 670 3674 partis
685 3590 802 3654 melius
817 3589 1001 3672 intelligere
1016 3609 1203 3673 possumus.
1269 3629 1271 3633 -

340 3833 633 3968 is1l2'iul’rit’sli'r.
645 3906 683 3956 er.
700 3905 781 3955 emm
797 3905 836 3966 u,
849 3905 904 3962 vu,
918 3907 957 3962 u,
975 3905 998 3952 r.
1014 3902 1081 3954 vioe
1093 3914 1184 3964 supra,
1201 3914 1227 3962 p.
1243 3904 1282 3950 so.

339 3980 361 4026 3.
377 3977 418 4036 1),
435 3976 546 4036 XLVlll,
564 3979 603 4038 20,
623 3981 646 4038 l,
662 3980 675 4040 s
693 3980 704 4027 l
726 3981 753 4026 et
774 3979 787 4025 8
806 3990 846 4040 pr.
866 3977 968 4025 -Lex
990 3975 1126 4037 Salpensae
1144 3973 1166 4035 (S
1182 3972 1273 4036 XXlll)
1291 3973 1324 4024 de

310 4048 373 4110 jure
383 4048 411 4097 in
427 4048 506 4098 bonis
521 4049 680 4099 libertorum
696 4062 821 4112 expresse
838 4052 925 4097 curet.
941 4047 977 4110 (C.
995 4045 1015 4097 l.
1031 4045 1072 4106 L.‚
1089 4044 1120 4106 ll,
1139 4046 1220 4105 1963.)
