3080 5034
268 635 426 699 QUOMODO
450 635 515 689 rna
537 633 666 688 SERVOS
689 632 980 689 NllOOTldllllN'lUll
1001 635 1132 690 ROMANI
1175 637 1211 690 29

190 801 264 844 cum
280 801 321 843 ex
344 780 475 865 peculio
500 785 570 843 tota
600 779 865 863 negotiationum
886 781 1037 843 materies
1057 780 1210 864 pendeat,

191 897 257 959 sive
285 897 449 979 quaeritur
470 895 638 979 quomodo
662 915 776 958 servus
798 916 876 979 erga
900 896 975 959 illos
994 897 1051 979 qui
1072 918 1150 960 cum
1174 919 1212 961 eo

191 1018 428 1076 contraxerunt
442 1011 622 1095 obligetur,
640 1012 708 1075 sive
733 1012 894 1094 quaeritur
912 1013 1079 1094 quomodo
1099 1033 1214 1076 servus

192 1134 341 1212 quaestus
354 1149 392 1191 cx
408 1129 634 1212 negotiatione
649 1128 728 1190 sacti
743 1129 909 1212 particeps
926 1128 994 1192 fiat.

230 1244 423 1307 Notandum
439 1249 489 1306 est
504 1244 647 1326 primum
664 1243 831 1326 peculium
851 1244 892 1307 de
911 1265 978 1326 quo
998 1244 1215 1308 tractabimus

191 1363 411 1443 apriscorum
430 1365 618 1442 temporum
639 1359 781 1442 peculio,
804 1380 850 1436 re,
873 1360 988 1422 sinon
1010 1359 1095 1442 jure,
1116 1358 1216 1442 longe

192 1475 352 1538 dissimile
367 1495 451 1538 esse.

232 1591 425 1653 Priscorum
439 1595 626 1672 temporum
643 1590 809 1673 peculium
823 1610 842 1652 a
858 1610 951 1653 servo
971 1591 1130 1674 paulatim
1151 1592 1217 1654 col-

191 1706 369 1790 ligebatur,
387 1705 454 1768 sive
470 1726 509 1768 ex
523 1705 655 1780 viatico,
669 1705 822 1768 fraudato
838 1711 961 1783 ventre,
978 1707 1045 1769 sive
1060 1727 1078 1770 e
1093 1707 1217 1770 domini

192 1822 411 1884 munusculis.
443 1822 559 1904 ltaque
593 1841 600 1883 ε
636 1845 650 1877 «
678 1822 839 1883 Peculium
872 1821 999 1884 dictum
1031 1829 1092 1898 cst,
1122 1824 1217 1905 quasi

191 1937 311 2020 pusilla
331 1936 472 2019 pecunia
485 1938 505 1998 ¹.
523 1973 563 1982 —
585 1937 757 1999 Peculium
779 1941 812 1998 et
832 1956 929 1998 exeo
949 1937 1111 2014 consistit,
1129 1939 1217 2020 quod

191 2053 393 2136 parsimonia
418 2073 478 2116 sua
505 2053 580 2135 quis
607 2053 765 2135 paravir2.
794 2079 808 2109 »
842 2053 924 2130 Quae
951 2052 1078 2132 peculia
1108 2053 1218 2135 potius

193 2170 321 2232 sinente
349 2189 450 2251 quam
475 2168 679 2232 concedente
700 2168 835 2230 domino
858 2167 1093 2230 nascebantur.
1114 2166 1164 2229 Ad
1184 2167 1217 2230 id

193 2299 297 2348 unum
322 2290 415 2347 tanto
441 2284 554 2348 labore
582 2285 825 2368 colligebantur
851 2290 898 2358 ut,
924 2284 1030 2368 pretio
1053 2283 1214 2347 libertatis

192 2406 335 2483 aequntn,
359 2400 546 2463 libertatem
569 2421 663 2464 servo
686 2405 927 2484 compararent,
949 2420 1083 2482 unaque
1106 2420 1218 2463 eorum

193 2516 277 2578 ratio
301 2515 463 2579 libertatis
486 2536 563 2599 spes
587 2521 669 2594 erat,
694 2521 731 2579 ut
752 2536 906 2600 expresse
928 2515 1009 2578 dixit
1030 2516 1187 2600 Virgilius
1211 2537 1217 2577 :

367 2667 422 2718 Neo
436 2681 498 2731 spes
512 2668 649 2719 libertatis
662 2673 729 2730 erat,
746 2683 795 2718 nec
807 2682 874 2718 cura
885 2669 985 2732 peculi.

233 2792 358 2853 Praeter
391 2811 430 2854 ea
462 2791 592 2874 peculia
629 2813 703 2874 quae
737 2812 845 2873 usque
878 2791 920 2853 ad
948 2790 1047 2852 fmem
1081 2790 1220 2852 Romani

193 2907 328 2990 Imperii
342 2926 445 2989 penes
461 2907 622 2989 quosdam
639 2927 750 2970 servos
771 2905 995 2980 inveniuntur,
1013 2904 1077 2967 alia
1092 2904 1220 2987 peculia

193 3029 288 3085 erant
303 3043 377 3104 quae
397 3042 538 3106 magnas
558 3043 638 3105 opes
658 3022 875 3085 continebant
899 3041 966 3082 non
985 3041 1004 3084 a
1027 3039 1120 3083 servo
1147 3040 1221 3083 eoa-

193 3143 343 3200 cervatas
368 3138 426 3200 sed
449 3159 468 3200 a
489 3138 624 3200 domino
648 3159 743 3201 servo
768 3129 956 3200 concessas.
984 3138 1134 3214 Quorum
1154 3157 1220 3198 non

193 3253 339 3329 libertas
358 3253 417 3316 sed
433 3253 615 3336 negotiatio
632 3254 716 3316 ratio
732 3258 813 3315 erat.
831 3253 879 3315 De
896 3251 947 3314 his
966 3251 1105 3335 peculiis
1124 3250 1220 3314 nobis

196 3367 429 3430 tantummodo
438 3367 649 3430 tractandum
660 3373 710 3430 est
725 3388 810 3450 quae,
823 3367 918 3449 quasi
933 3367 1052 3428 fractio
1068 3365 1219 3448 quaedam

195 3503 234 3546 ex
248 3483 374 3546 domini
394 3483 592 3566 patrimonio
615 3484 730 3562 scissa,
748 3489 899 3566 separata
920 3481 1116 3566 patrimonia
1136 3481 1220 3544 fiunt

195 3598 365 3662 voluntate
378 3599 502 3662 domini
517 3599 558 3661 ad
574 3599 817 3683 negotiationes
833 3597 1043 3661 exercendas.

235 3804 447 3887 Quicumque
470 3805 661 3888 negotiatur
687 3825 814 3880 servus,
839 3803 941 3886 hujus
962 3803 1092 3886 generis
1118 3822 1218 3886 pecu-

226 3977 248 4024 r.
265 3975 306 4035 n,
319 3977 374 4037 xv,
390 3979 411 4035 r,
426 3977 473 4038 ⁵‚s
488 3978 511 4027 a.

226 4048 248 4094 2.
264 4047 306 4107 n,
321 4047 376 4106 xv,
395 4051 415 4107 1,
427 4050 466 4097 ae.
