3080 5034
454 639 745 696 NEGOTIARENTUR
767 641 898 696 ROMANI
1160 643 1197 697 77

178 860 180 866 Ι
212 788 311 850 Aucti
332 787 378 850 ita
401 793 618 870 patronorum
640 786 725 869 juris
751 787 837 869 (quae
861 787 994 870 quidem
1018 789 1142 865 auctio,
1159 792 1197 854 ut

174 910 342 987 putamus,
355 923 431 966 cum
446 903 690 986 negotiantium
706 923 889 980 servorum,
901 903 976 966 dein
990 903 1198 982 libertorum,

174 1021 379 1082 incremento
395 1039 542 1082 connexa
558 1020 636 1100 erat)
649 1024 686 1080 ut
696 1024 845 1102 tempora
854 1019 1009 1102 vicesque
1019 1039 1198 1084 noscamus

175 1135 271 1198 nobis
288 1134 433 1197 breviter
452 1133 628 1197 dicendum
645 1140 695 1197 est
716 1155 791 1216 quae
810 1139 906 1198 antea
927 1135 1048 1198 fuerint
1067 1137 1196 1218 patroni

171 1272 257 1334 Jura.

214 1369 302 1450 Lege
331 1365 507 1428 duodecim
529 1364 731 1442 tabularum,
756 1365 886 1443 liberto,
910 1365 937 1428 si
962 1371 1196 1431 testamentum

174 1483 306 1558 laceret,
317 1487 499 1564 ‘patronum
514 1480 681 1562 praeterire
695 1480 829 1558 licebat,
845 1481 878 1542 id
893 1487 944 1544 est
957 1481 1039 1544 nihil
1052 1481 1081 1545 ei
1100 1484 1196 1546 relin-

174 1615 286 1680 quere.
313 1597 347 1658 Si
372 1597 549 1660 intestatus
573 1595 763 1670 decesserit,
789 1596 898 1660 liberti
923 1622 938 1654 a
961 1599 1009 1660 sui
1034 1599 1155 1661 heredes
1181 1625 1195 1657 »

174 1719 350 1796 patronum
388 1711 619 1774 excludebant.
652 1713 735 1775 Cum
766 1713 903 1776 libertus
932 1714 1041 1777 nullos
1078 1715 1198 1778 habeat
1226 1739 1230 1747 ·

173 1836 325 1912 agnatos,
345 1854 359 1884 «
378 1829 427 1889 sui
450 1827 573 1890 heredes
595 1854 609 1884 »
632 1827 864 1910 intelliguntur
882 1828 990 1891 liberti
1011 1829 1115 1908 liberi,
1139 1832 1197 1913 qui

173 1945 306 2028 quidem
327 1950 402 2027 post
425 1932 719 2007 manumissionem
738 1944 807 2006 nati
827 1951 915 2020 sunt,
936 1951 994 2008 aut
1014 1955 1095 2008 uxor
1113 1948 1141 2009 si
1163 1948 1197 2010 in

173 2081 273 2124 manu
292 2067 353 2136 est,
370 2061 541 2122 autetiam
557 2059 651 2122 liberi
666 2059 822 2143 adoptivi.

213 2177 397 2259 Antiquum
422 2175 502 2239 illud
525 2176 583 2259 jus
607 2175 739 2239 novavit
764 2177 889 2239 Praetor
911 2191 978 2240 non
1005 2177 1138 2260 quidem
1164 2179 1196 2241 in

175 2293 316 2376 gratiam
337 2291 456 2368 liberti,
481 2292 538 2355 sed
563 2293 596 2354 in
618 2293 749 2375 patroni
773 2293 960 2358 utilitatem.
983 2293 1146 2370 Libertus
1170 2296 1198 2358 si

174 2414 408 2472 testamentum
425 2408 537 2486 faciat,
553 2429 620 2471 non
632 2409 702 2490 jam
722 2429 859 2473 suorum
878 2409 1042 2474 bonorum
1061 2409 1198 2475 liberam

175 2524 274 2587 habet
285 2523 550 2607 dispositionem;
563 2523 698 2586 dimidia
714 2526 800 2587 enim
811 2545 888 2608 pars
898 2532 1037 2609 patrono
1048 2526 1196 2590 debetur.

122 2709 126 2718 ι
177 2639 212 2702 Si
224 2639 302 2702 huie
314 2638 425 2702 officio
436 2639 542 2702 deluit
554 2639 703 2714 libertus,
716 2646 876 2722 patronus
892 2641 1040 2723 ejusdem
1056 2641 1199 2705 dimidiae

175 2755 279 2838 partis
311 2755 557 2838 possessionem
588 2755 753 2818 obtinebit
784 2761 899 2818 contra
932 2755 1062 2818 tabulas
1096 2762 1197 2820 testa-

176 2869 288 2932 menti.
320 2871 369 2932 Ne
398 2869 508 2933 liberti
541 2870 675 2954 quidem
708 2890 793 2932 uxor
822 2870 857 2932 in
889 2890 990 2933 manu
1027 2876 1085 2934 aut
1117 2871 1200 2936 liber

177 2985 351 3069 adoptivus
365 2985 550 3069 impediunt
566 2986 649 3070 quin
668 2992 829 3070 patronus
848 2987 1017 3050 dimidiam
1033 2987 1197 3052 bonorum

177 3108 305 3184 partem
315 3109 550 3185 consequatur.
562 3104 591 3166 A
601 3103 680 3166 solis
690 3103 798 3166 liberti
808 3101 920 3166 liberis
931 3109 1006 3186 post
1020 3105 1199 3168 manumis-

177 3218 303 3281 sionem
318 3219 406 3287 natis
420 3240 510 3283 nunc
525 3226 686 3304 patronus
703 3219 838 3283 omnino
854 3219 1053 3283 excluditur.
1087 3246 1089 3250 ¹

219 3333 379 3398 Ultimum
392 3335 483 3399 illud
501 3336 576 3418 jus,
597 3335 687 3420 quod
706 3342 825 3401 natura
846 3342 879 3400 et
902 3337 1058 3420 aequitate
1082 3337 1198 3400 saltem

178 3453 289 3513 tutum
308 3471 381 3514 esse
404 3458 551 3536 putares,
580 3453 652 3536 lege
677 3453 779 3536 Papia
804 3454 948 3537 Poppaea
971 3454 1070 3517 etiarn
1094 3451 1200 3516 immi

179 3571 296 3628 nutum
319 3573 379 3642 est,
404 3567 534 3655 eaipsa
558 3565 631 3652 lege
651 3591 724 3652 quae
748 3570 816 3632 lata
840 3575 911 3632 erat
938 3576 976 3633 ut
1001 3571 1049 3634 eis
1076 3571 1201 3634 faveret

179 3681 301 3764 quibus
315 3682 410 3746 liberi
425 3685 662 3763 essent..Quod
680 3706 747 3749 non
766 3686 863 3750 facile
881 3687 1120 3770 intelligeretur
1139 3686 1201 3750 nisi

180 3817 306 3880 eaquae
321 3798 361 3862 de
376 3799 569 3862 libertorum
585 3800 773 3864 conditione
786 3802 972 3886 opibusque
989 3803 1202 3886 exposuimus

175 3911 246 3996 jam
256 3921 335 3978 nota
350 3920 471 3994 essent,
482 3937 662 4002 earumque
677 3937 777 4004 causa
792 3938 810 3981 e
823 3919 1084 4002 negotiationum
1100 3913 1203 3982 incre-

181 4037 293 4096 rnento
308 4037 521 4116 repeteretur.
543 4029 641 4112 Quod
663 4054 703 4096 ex
720 4033 791 4117 ipsa
804 4033 877 4118 lege
891 4041 1036 4120 apparet.
1056 4062 1070 4093 «
1088 4037 1201 4096 Postea
