3080 5034
302 614 339 668 20
621 613 776 678 QUOMODO
800 613 866 667 Pllll
890 611 1019 665 SllllVOS

338 762 550 842 Quantopere
561 761 725 824 creverint
735 761 941 844 privatorum
954 780 1034 843 opes
1047 759 1233 843 divitiaeque
1249 768 1325 844 post

299 875 425 938 Punica
455 876 540 938 bella
570 877 650 939 satis
679 881 795 939 notum
820 882 879 940 est.
906 877 988 939 Cum
1015 875 1132 958 ingens
1151 881 1238 938 esset
1261 897 1325 939 ser-

297 1011 413 1053 vorum
451 1013 622 1069 numerus,
658 993 829 1076 majorque
862 1011 962 1075 quam
997 997 1171 1074 poscerent
1201 992 1321 1055 domus

297 1107 448 1190 rurisque
463 1128 583 1190 operae,
600 1108 634 1170 in
650 1113 794 1170 mentem
809 1107 953 1170 dominis
967 1107 1056 1170 venit
1076 1113 1113 1170 ut
1132 1109 1227 1182 servi,
1245 1129 1321 1171 cum

296 1224 359 1306 ipsi
381 1224 414 1285 in
435 1224 623 1287 divitiarum
643 1245 781 1286 numero
798 1230 919 1299 essent,
942 1244 1102 1286 novarum
1122 1223 1221 1286 eliam
1241 1224 1320 1286 divi-

297 1341 416 1402 tiarum
431 1342 505 1403 lons
520 1347 619 1422 atque
635 1361 736 1402 causa
754 1339 884 1414 fierent;
902 1359 941 1402 eo
957 1339 1063 1422 magis
1080 1339 1168 1422 quod
1184 1340 1319 1422 ingenui

296 1457 430 1540 negotia
469 1456 792 1539 negotiationesque,
828 1455 950 1538 quibus
979 1455 1119 1518 maxime
1156 1462 1321 1539 augentur

296 1571 430 1644 divitiae,
446 1571 510 1633 sibi
524 1571 680 1634 indecora
695 1571 927 1634 existimarent.

336 1683 372 1744 ln
402 1683 562 1765 prooemio
591 1681 799 1744 ostendimus
827 1683 916 1744 hunc
948 1681 1211 1764 negotiationum
1240 1703 1320 1745 con-

294 1803 454 1880 templum
471 1818 535 1859 non
552 1798 585 1860 in
600 1799 708 1880 majus
721 1819 793 1860 esse
808 1798 1076 1882 exaggerandum
1092 1804 1125 1860 et
1138 1799 1319 1881 praesertim

294 1933 360 1975 non
391 1913 567 1996 impedisse
595 1914 775 1996 quominus
799 1913 1050 1995 negotiarentur
1073 1915 1223 1976 Romani.
1252 1914 1316 1976 Sed

294 2027 422 2092 decoris
437 2051 473 2092 ea
486 2037 555 2092 erat
569 2029 618 2092 vis
629 2036 666 2092 ut
680 2029 824 2092 illustres
837 2029 961 2112 quique
976 2030 1063 2092 cives
1072 2029 1106 2091 in
1116 2029 1316 2110 negotiando

293 2166 358 2208 non
387 2146 549 2228 negotiari
577 2145 680 2207 videri
706 2144 837 2208 vellent.
868 2145 987 2207 Eadem
1013 2145 1082 2207 sere
1109 2146 1234 2208 ratione
1259 2146 1315 2228 qni

291 2260 443 2322 liberales
459 2260 612 2322 colebant
627 2266 726 2336 arteS,
738 2281 813 2342 quae
829 2261 927 2323 etiam
942 2260 1087 2343 ingenuo
1103 2261 1212 2323 minus
1237 2282 1314 2324 con-

291 2377 459 2437 venientes
478 2372 727 2456 reputabantur,
744 2395 856 2437 earum
873 2375 981 2458 ignari
996 2396 1069 2438 esse
1083 2376 1281 2440 allectabant
1292 2381 1313 2440 ¹.

333 2490 501 2564 Romanis,
519 2490 608 2552 salvo
624 2490 753 2566 decore,
771 2491 881 2553 omnia
897 2491 986 2554 salva
998 2491 1204 2554 videbantur.

332 2605 429 2668 Haud
444 2606 508 2668 alia
523 2607 649 2670 ratione
668 2607 823 2670 dominus
843 2608 897 2670 oui
917 2628 969 2671 res
992 2607 1076 2671 male
1096 2617 1311 2686 successerat,

290 2743 420 2784 servum
450 2723 605 2787 heredem
637 2724 844 2798 instituebat,
872 2730 910 2786 ut
942 2725 1076 2787 nomine
1110 2727 1195 2788 servi
1226 2725 1313 2789 bona

288 2839 580 2915 venumdarentur,
597 2847 630 2903 et
646 2866 661 2897 «
677 2841 858 2922 tyn-omium,
874 2861 942 2922 quae
956 2841 1071 2902 accedit
1086 2862 1123 2903 err
1137 2841 1313 2904 venditione

290 2955 447 3030 bonorum,
466 2957 544 3017 liuor
558 2956 664 3038 potius
679 2955 816 3018 heredem
831 2977 924 3038 quum
938 2956 1039 3039 ipsum
1055 2965 1229 3019 testatorem
1244 2978 1312 3020 eon-

290 3072 419 3152 imperet
434 3073 443 3105 ²
462 3097 488 3130 ».

327 3186 424 3269 Apud
460 3185 651 3249 Ciceronem
685 3187 829 3269 legimus
864 3187 974 3269 ipsum
1001 3187 1140 3250 Brutum
1171 3209 1310 3272 magnas

287 3394 396 3448 rantur,
417 3402 485 3450 quos
510 3404 541 3439 ex
563 3390 659 3440 ordine
682 3390 710 3439 in
736 3390 914 3453 sequentibus
936 3391 1079 3452 capitibus,
1099 3391 1127 3439 in
1159 3392 1254 3453 primis
1280 3391 1307 3440 in

286 3460 373 3520 capite
388 3461 398 3509 Ι
415 3461 500 3522 partis
513 3464 536 3522 2,
553 3461 748 3523 disposuimus.

318 3533 340 3578 l.
352 3530 445 3579 Cicero
457 3531 484 3579 in
496 3533 618 3582 oratione
629 3533 760 3583 adversus
771 3533 882 3583 Verrem
896 3535 957 3593 (act,
969 3535 992 3596 2,
1001 3533 1043 3593 lV,
1057 3534 1090 3596 3),
1102 3546 1182 3596 quam
1196 3534 1308 3596 quidem

286 3613 340 3648 non
357 3601 426 3650 dixit
437 3603 484 3651 sed
498 3603 616 3664 scripsit,
633 3603 710 3665 fingit
727 3619 756 3654 se
772 3604 882 3653 nomina
897 3604 1032 3652 artificum
1048 3604 1174 3665 ignorare
1187 3609 1214 3654 et
1228 3605 1308 3654 modo

285 3670 413 3720 simulata
428 3673 610 3734 haesitatione,
619 3676 700 3724 modo
713 3675 953 3736 interroganseum
965 3676 1012 3737 qui
1025 3675 1179 3737 eisuggerit
1190 3676 1308 3734 nomina,

285 3741 397 3802 pergit:
418 3765 427 3784 «
448 3744 547 3793 Earum
571 3745 744 3807 (statuarum)
765 3747 896 3795 artificem
921 3745 1019 3807 quem?
1038 3746 1202 3808 quemnam?
1229 3747 1308 3795 Recte

283 3812 415 3862 admones
436 3831 442 3860 :
467 3815 635 3876 Polycletum
660 3831 720 3867 esse
744 3817 882 3866 dicebant.
900 3839 910 3858 »
931 3817 969 3866 Ex
990 3818 1041 3866 hoc
1065 3819 1189 3878 exemplo
1208 3817 1308 3866 intelli·

284 3883 402 3943 gendum
419 3890 526 3946 estque
541 3886 691 3948 diligentia,
709 3902 791 3951 quam
806 3888 926 3950 obliquis
941 3887 993 3936 viis
1005 3888 1118 3938 Romani
1132 3893 1259 3938 caverent
1275 3901 1308 3936 ne

283 3955 460 4014 quodminus
476 3956 585 4007 deceret
596 3962 644 4007 aut
656 3959 725 4009 scire
740 3963 788 4008 aut
803 3960 890 4010 lacere
905 3959 1072 4009 viderentur.

315 4027 337 4073 2.
352 4026 441 4085 Gaius,
455 4027 486 4089 ll,
501 4031 554 4078 lat.
