3080 5034
588 1447 755 1525 CAPUT
817 1451 850 1522 ll

390 1821 442 1880 De
463 1821 632 1878 libertate
655 1821 693 1876 et
712 1817 853 1892 peculio
875 1824 1018 1880 donato.

235 2151 312 2214 Sive
347 2173 423 2216 cum
460 2155 590 2238 peculio
630 2155 822 2239 negotiatur
855 2175 986 2228 servus,
1017 2155 1217 2218 assentiente

193 2265 340 2346 domino,
357 2269 403 2332 ita
416 2276 452 2333 ut
467 2271 635 2354 peculium
650 2269 746 2354 quasi
766 2291 839 2334 sors
853 2271 1089 2354 negotiationis
1105 2270 1216 2334 haberi

192 2385 313 2466 possit;
331 2385 399 2448 sive
415 2387 500 2470 parti
520 2387 678 2452 dominici
700 2386 889 2470 patrimonii
912 2387 1120 2472 praepositus,
1141 2407 1214 2450 eam

192 2501 478 2582 negotiationibus
498 2508 639 2578 exercet,
657 2501 690 2564 in
715 2509 856 2586 utroque
877 2525 958 2567 casu
983 2524 1097 2566 servus
1119 2523 1217 2588 pecu·

192 2615 274 2678 lium
303 2616 414 2692 habet,
434 2624 471 2682 ut
489 2617 560 2700 jum
584 2617 736 2694 diximus,
761 2620 980 2702 negotiationi
1003 2641 1104 2703 quam
1133 2620 1217 2702 gerit

193 2732 393 2816 nonimpar.

235 2848 407 2912 Peculium
422 2850 525 2934 igilur
539 2850 757 2933 negotiationi
777 2871 877 2934 quam
900 2850 987 2934 gerit
1008 2869 1122 2912 servus
1142 2870 1218 2912 con-

195 2983 339 3046 sequens
366 2971 549 3048 aptumque
578 2971 639 3041 est,
666 2985 753 3048 saepe
780 2987 821 3029 ex
851 2965 1079 3030 instrumentis
1103 2967 1221 3028 merci·

196 3079 325 3162 busque
354 3081 517 3155 consistit,
552 3081 675 3163 itaque,
706 3102 781 3145 cum
815 3082 1059 3146 manumittitur
1092 3101 1215 3157 servus

196 3195 364 3277 peculium
384 3217 452 3262 nou
473 3196 635 3260 libertatis
658 3197 799 3279 pretium
828 3217 1044 3281 compensare
1074 3196 1215 3272 videtur,

196 3310 331 3374 libertas
359 3311 447 3374 enim
475 3332 542 3374 non
567 3331 625 3395 per
653 3333 808 3376 nummos
828 3313 884 3376 sed
901 3334 959 3396 per
981 3311 1159 3376 sollertiam
1183 3316 1216 3372 et

196 3426 386 3490 fidelitatem
415 3427 467 3491 his
502 3428 606 3496 servis
630 3435 738 3510 empta
762 3434 823 3492 est.
855 3429 943 3506 Quid
974 3430 1078 3512 igitur
1107 3429 1216 3510 ipsum

196 3541 362 3623 peculium
387 3542 463 3607 liet‘l
483 3543 518 3606 Si
541 3549 648 3606 totum
670 3542 711 3604 ad
732 3543 903 3607 dominum
926 3545 1050 3620 redeat,
1072 3563 1149 3608 cum
1178 3563 1217 3607 eo

195 3679 289 3721 servo
317 3659 375 3741 qui
401 3659 661 3743 negotiationem
685 3665 814 3722 exercet
837 3660 953 3724 durius
974 3667 1095 3744 agatur
1115 3681 1215 3743 quam

195 3793 270 3836 curn
291 3773 429 3838 minimo
455 3795 589 3858 quoque
616 3795 720 3850 serve,
748 3795 824 3838 cum
848 3775 877 3838 is
901 3777 1095 3860 plerumque
1115 3776 1214 3840 etiam

193 3889 360 3972 peculium
382 3910 480 3953 suum
501 3910 578 3956 cum
601 3889 752 3952 libertate
783 3892 935 3975 accipiat.
964 3893 1071 3956 Etiam
1096 3893 1123 3954 si
1153 3890 1214 3953 soli

194 4005 319 4068 domini
338 4005 473 4070 utilitati
497 4005 714 4081 consulimus,
731 4013 789 4069 aut
811 4006 971 4072 damnum
994 4009 1023 4071 ei
1046 4009 1211 4080 alteretur,

266 4133 365 4176 trama.
1058 4115 1074 4170 4
