3080 5034
303 667 340 720 Ol
623 663 777 729 QUOMODO
802 663 867 717 Pet
890 663 1021 718 SERVOS

342 810 497 892 Antiquis
510 808 717 892 temporibus
727 809 761 871 in
771 809 861 892 agris
877 808 1025 872 colendis
1040 809 1141 872 vitam
1156 809 1325 894 degerant,

304 926 394 1010 quod
404 924 539 1009 quidem
551 926 585 988 in
596 925 743 988 omniurn
755 925 822 987 lere
838 925 1036 1009 populorum
1049 925 1225 989 cunabulis
1239 927 1327 990 inve·

304 1042 424 1118 nietur‚
439 1041 496 1104 sed
525 1039 615 1124 apud
637 1059 694 1102 eos
716 1038 894 1123 singularis
916 1045 987 1103 erat
1014 1039 1069 1103 ille
1093 1041 1165 1124 agri
1188 1042 1327 1104 culturae

303 1157 420 1230 honor,
449 1155 483 1217 in
513 1175 579 1238 qua
609 1159 642 1217 et
669 1154 832 1237 majorum
860 1154 973 1238 gloriae
999 1161 1031 1217 et
1062 1156 1187 1239 luturae,
1215 1157 1326 1239 gloriae

302 1291 439 1334 causam
456 1276 489 1333 et
507 1270 629 1354 pignus
648 1269 814 1333 videbant.
832 1270 910 1332 ldeo
930 1269 1088 1353 Virgilius
1111 1291 1188 1333 cum
1209 1271 1242 1333 in
1258 1291 1327 1334 res·

304 1385 463 1450 tituendis
484 1386 631 1448 moribus
650 1386 841 1469 Augustum
858 1385 977 1468 juvare
1000 1386 1117 1462 voluit,
1133 1387 1174 1449 ad
1195 1385 1327 1450 laudem

306 1504 377 1587 agri
392 1502 529 1566 culturae
546 1501 709 1584 Georgica
724 1501 923 1584 composuit.

343 1617 678 1681 Animadvertendum
707 1623 757 1680 est
790 1617 889 1680 etiam
925 1618 1150 1680 Romanorum
1181 1619 1328 1701 negotia·

306 1735 425 1809 tiones,
446 1733 596 1814 quamvis
615 1753 745 1816 magnae
765 1741 886 1810 essent,
908 1733 1015 1816 magis
1034 1734 1068 1796 in
1087 1734 1187 1796 rebus
1207 1734 1328 1818 impor-

307 1849 414 1912 tandis
430 1871 529 1933 quam
550 1849 761 1933 exportandis
780 1851 954 1914 contineri.
978 1851 1076 1929 Quod
1098 1857 1235 1934 apparet
1256 1857 1327 1914 tum

306 1987 345 2029 ex
360 1966 441 2029 locis
462 1967 659 2049 scriptorum
683 1967 740 2048 qui
760 1967 848 2049 quod
867 1987 907 2029 ex
926 1967 1063 2030 diversis
1081 1967 1259 2050 provinciis
1277 1967 1328 2030 vel

306 2082 498 2166 regionibus
517 2083 551 2144 in
572 2083 694 2146 Urbem
716 2083 915 2166 importatur
937 2089 1065 2160 notant,
1082 2103 1156 2146 raro
1175 2083 1230 2164 vel
1245 2103 1329 2146 nun·

307 2219 405 2281 quem
424 2199 514 2280 quod
534 2219 574 2260 ex
589 2198 678 2262 Urbe
696 2198 730 2260 in
749 2219 805 2261 eas
820 2199 973 2282 regiones
992 2204 1192 2282 exportatur.
1212 2200 1248 2261 ln
1264 2199 1327 2262 hoc

307 2314 499 2396 negotiandi
515 2334 633 2396 genere
653 2335 719 2376 non
735 2335 798 2390 ree,
818 2315 876 2378 sed
891 2321 1065 2398 argentum
1083 2315 1134 2378 rel
1150 2335 1269 2378 aurum
1286 2315 1328 2378 ad

309 2429 502 2492 solvendum
516 2429 624 2506 datur,
640 2430 781 2513 ideoque
797 2433 1094 2508 senatusconsulta,
1112 2433 1234 2494 frustra
1251 2431 1329 2494 alio

308 2546 399 2628 quin,
419 2545 451 2607 id
471 2545 629 2628 impedire
645 2553 763 2610 conata
778 2550 888 2611 sunt'.
906 2550 955 2611 Ex
965 2549 1016 2611 his
1037 2549 1279 2630 similibusque,
1291 2553 1329 2611 ut

306 2661 517 2744 vectigalium
531 2683 668 2725 numero
679 2669 711 2731 et
722 2664 799 2741 situ,
811 2665 1075 2748 portitorumque
1086 2665 1325 2739 exactionibus,

308 2778 459 2842 novimus
488 2779 655 2843 Romanos
679 2800 746 2842 non
772 2780 813 2842 ad
840 2782 1084 2865 negotiationes
1108 2782 1180 2864 ipsa
1208 2787 1327 2843 natura

305 2894 499 2959 informatos
514 2915 596 2958 esse.

348 3011 452 3075 Graeci
487 3031 565 3074 vcro
594 3017 627 3074 et
655 3012 961 3094 Carthaginienses,
991 3013 1113 3096 aliique
1143 3012 1326 3076 Orientales

305 3125 419 3208 populi
439 3145 477 3187 eo
496 3125 630 3207 ingenio
650 3127 738 3208 quod
758 3127 792 3190 in
814 3128 1094 3211 negotiationibus
1113 3127 1325 3190 utilissimum

307 3245 393 3304 esset
415 3261 515 3323 quam
535 3241 677 3304 maxime
701 3243 828 3326 praediti
851 3249 953 3306 erant.
975 3244 1058 3306 Cum
1083 3264 1193 3306 servos
1216 3264 1255 3306 ex
1274 3243 1325 3306 his

307 3356 499 3439 regionibus
533 3358 709 3437 oriundos,
745 3359 778 3420 in
814 3359 1096 3442 negotiationibus
1132 3358 1326 3422 adhiberent

307 3472 458 3550 Romani,
479 3478 509 3536 el
530 3473 581 3536 his
598 3473 778 3537 utebantur
795 3474 1012 3538 facultatibus
1031 3475 1153 3558 quibus
1172 3476 1235 3559 ipsi
1258 3493 1324 3538 non

305 3586 349 3648 ita
370 3586 498 3669 praediti
521 3595 624 3666 erant,
650 3583 684 3652 'et
705 3610 783 3653 suas
811 3591 960 3673 proprias
986 3582 1196 3674 adjiciebant,
1225 3597 1324 3674 etque

307 3722 372 3765 non
388 3703 522 3767 minime
536 3725 607 3768 eam
623 3706 656 3768 in
671 3706 770 3769 rebus
785 3707 922 3791 agendis
937 3708 1144 3790 gravitatem,
1159 3709 1192 3770 in
1207 3727 1324 3791 propo-

307 3818 378 3882 sitis
392 3822 623 3901 constantiam,
634 3822 668 3884 in
684 3823 867 3886 rationibus
877 3824 1103 3888 adscribendis
1119 3823 1323 3907 diligentiam

336 4064 927 4131 tfflffimmwmffwmmmstt
