3080 5034
599 591 782 646 PlltllllldlUll
1166 597 1202 648 15

170 758 214 800 ex
228 737 301 819 ipsa
319 737 468 800 locorum
487 736 703 820 dispositione
722 737 876 800 novimus
895 737 930 798 in
950 737 1098 819 antiquis
1117 739 1203 801 civi-

170 852 310 927 tatibus
328 834 491 914 manualis
503 852 628 915 laboris
648 873 726 915 cum
745 873 812 935 quo
832 851 1102 915 contundebatur
1122 875 1202 917 con-

169 975 301 1051 temptu
325 968 535 1031 afficiebatur
559 974 761 1031 mercatura.
784 967 1124 1032 Animadvertendum
1150 977 1202 1032 est

170 1105 229 1147 eas
249 1105 369 1147 causas
387 1085 420 1147 in
440 1084 600 1147 tenuibus
618 1084 816 1148 mercaturis
843 1104 918 1166 quae
939 1085 1047 1168 magis
1070 1087 1198 1169 vitupe-

169 1200 335 1264 rabantur
349 1200 510 1282 majorem
526 1200 647 1262 habere
660 1207 800 1284 partem.

215 1318 252 1380 ln
278 1317 410 1399 magnis
441 1322 553 1379 autem
581 1316 879 1399 negotiationibus
910 1337 987 1379 cum
1014 1317 1062 1379 eis
1090 1319 1201 1380 causis

169 1434 305 1497 occasio
325 1433 433 1495 minor
452 1433 504 1496 vel
525 1433 616 1496 nulla
635 1439 735 1507 esset,
758 1433 900 1495 Romani
922 1433 971 1495 eis
989 1438 1023 1496 et
1040 1433 1149 1496 verbis
1168 1440 1201 1496 et

170 1551 353 1633 praesertim
369 1570 415 1624 re,
432 1555 469 1612 ut
483 1549 637 1626 vidimus,
655 1549 821 1612 lavabant.
840 1550 969 1624 Cicero,
982 1570 1060 1612 cum
1075 1550 1200 1628 Quinto

169 1667 264 1728 fratri
294 1665 498 1748 provinciam
531 1666 573 1728 ab
609 1687 650 1729 eo
679 1665 904 1748 gubernatam
934 1665 1060 1740 laudat,
1087 1665 1201 1729 laudat
1282 1751 1286 1756 Ι

170 1802 306 1864 quoque
330 1782 455 1844 cives«
480 1782 589 1863 qui‚...
613 1781 704 1863 quod
729 1781 775 1844 ita
800 1782 1025 1864 negotiantur,
1048 1787 1086 1843 ut
1109 1781 1200 1844 locu-

170 1898 276 1981 pletes
300 1897 377 1970 sint,
404 1897 509 1958 nostri
534 1896 730 1959 consulatus
759 1896 983 1959 beneficiosa
1015 1897 1200 1960 incolumes

171 2013 324 2076 fortunas
358 2011 479 2075 habere
509 2013 714 2075 arbitrantur
745 2039 774 2088 n,
803 2012 963 2093 additque
993 2013 1158 2095 posterius
1192 2034 1199 2075 :

173 2155 188 2185 «
206 2129 282 2207 Quo
297 2149 336 2190 ex
351 2148 473 2212 genere
489 2129 516 2191 si
532 2149 634 2211 quern
650 2129 736 2191 sorte
752 2129 800 2191 tui
814 2127 968 2211 cognosti
983 2128 1201 2190 amantiorem

170 2244 254 2326 (fieri
276 2245 364 2307 enirn
385 2245 505 2328 potuit)
527 2265 628 2328 quarn
648 2245 819 2328 temporis,
836 2244 927 2306 hunc
946 2264 1023 2307 vero
1042 2243 1085 2306 ad
1105 2250 1198 2306 tuum

170 2382 347 2424 numerum
361 2361 503 2424 libenter
516 2361 700 2424 adscribito
713 2364 733 2423 ¹.
751 2387 767 2418 »

196 2584 328 2663 *ltaque
342 2583 462 2645 mirum
482 2589 533 2646 est
551 2583 681 2666 aliquos
703 2582 902 2646 contendere
921 2603 994 2658 nos,
1012 2588 1049 2644 ut
1068 2582 1196 2656 dicunt,

172 2697 288 2760 Latina
303 2698 434 2781 origine
449 2699 610 2761 oriundos
626 2700 842 2780 Romanaque
857 2698 988 2760 cultura
1002 2697 1199 2760 informatos

170 2813 244 2876 ideo
260 2813 316 2875 illo
338 2805 528 2894 negotiandi
546 2814 656 2877 studio
679 2835 791 2877 carere
814 2833 881 2896 quo
901 2813 956 2875 alii
973 2813 1098 2895 populi,
1116 2833 1199 2895 prae-

171 2930 283 2992 sertim
306 2930 417 3013 Angli,
442 2931 581 3014 flagrare
605 2929 768 2993 videntur.
799 2931 883 3008 Quae
912 2928 1036 3011 opinio,
1066 2934 1102 2990 ut
1127 2927 1197 3010 jam

170 3045 323 3120 vidimus,
339 3066 379 3107 ex
395 3066 515 3128 magna
530 3052 623 3129 parte
638 3047 672 3108 in
692 3045 776 3109 salsa
794 3052 854 3108 aut
872 3045 988 3108 saltem
1003 3043 1197 3127 imperfecta

171 3169 315 3233 historiae
331 3170 448 3233 nolitia
464 3170 591 3235 nititur.
608 3173 682 3232 Non
695 3169 905 3233 infitiandum
918 3175 1029 3232 tamen
1044 3175 1095 3231 est
1107 3168 1196 3252 apud

172 3286 338 3348 Romanos
358 3286 447 3349 sicut
465 3286 554 3370 apud
574 3307 636 3349 nos
660 3286 902 3370 negotiationes
926 3283 1104 3367 aliquando
1128 3304 1196 3346 non

170 3400 224 3462 illo
238 3400 449 3484 beneplacito
467 3402 578 3465 animo
593 3403 681 3465 visas
693 3402 797 3465 luisse
812 3422 879 3484 quo
894 3401 1005 3484 plures
1025 3400 1094 3461 sive
1106 3398 1194 3481 apud

170 3515 250 3579 alios
266 3517 419 3599 populos,
437 3517 505 3580 sive
524 3517 624 3580 etiam
645 3517 734 3601 apud
755 3537 817 3580 nos
836 3516 934 3579 hodie
953 3535 1009 3579 eas
1029 3535 1064 3577 se
1082 3513 1194 3576 videre

170 3632 359 3716 praedicant.
378 3634 453 3695 Non
468 3654 607 3697 necesse
622 3640 673 3697 cst
687 3634 774 3696 hanc
793 3653 923 3706 morum
945 3629 1193 3694 similitudinem

198 3866 219 3911 l.
233 3865 276 3913 Ad
289 3865 318 3925 Q.
334 3867 457 3929 fratrem,
472 3864 492 3926 1,
507 3867 529 3926 t,
541 3866 568 3927 ss
579 3867 603 3926 6,
622 3867 657 3913 15.
667 3864 697 3913 ln
708 3864 831 3927 epistolis
842 3860 1193 3924 Cicerosaepecommendal

170 3936 355 3996 negotiatores
368 3937 752 3999 negotiantesvequossecum
760 3948 868 3985 summa
877 3933 1076 3984 necessitudine
1081 3934 1193 3995 junctos

168 4005 240 4056 dicit.
254 4007 302 4070 (Cf.
319 4009 346 4057 in
362 4009 458 4071 primis
473 4008 567 4072 Epist„
586 4008 634 4056 lib.
649 4007 727 4070 Xlll.)
