3080 5034
520 673 811 733 NEGOTIARENTUR
832 673 964 728 ROMANI
1224 675 1259 727 23

238 819 337 882 batur
351 825 408 882 aut
423 820 512 883 domi
525 840 585 910 per
605 821 763 883 familiam
784 821 1018 884 fabricabatur.
1038 821 1092 884 Sic
1113 820 1256 904 quisque

238 935 475 1019 paterfamilias
497 957 554 1020 per
576 938 710 1000 familiae
729 959 798 1000 suae
817 937 963 1000 laborem
988 937 1103 1000 sibiet
1127 936 1258 1000 familiae

238 1052 441 1135 providebat,
461 1053 526 1116 Sed
545 1053 704 1136 paulatim
726 1059 883 1137 agrofum
902 1055 1020 1137 spatio,
1039 1054 1170 1137 opibus,
1193 1074 1257 1117 ser-

237 1189 421 1252 vorumque
433 1190 571 1232 numero
586 1169 822 1245 crescentibus,
840 1170 1030 1253 plusquam
1046 1169 1158 1232 domui
1174 1190 1257 1252 opus

237 1292 308 1348 erat
335 1291 368 1348 et
396 1285 597 1369 colligebant
619 1293 652 1350 et
680 1286 897 1362 fabricabant,
925 1307 1004 1370 ergo
1030 1285 1118 1369 quod
1145 1306 1257 1369 super·

239 1421 379 1464 vacuum
400 1408 470 1464 erat
488 1422 609 1465 venum
633 1402 702 1465 dari
721 1409 860 1486 poterat.
880 1402 971 1465 Servi
991 1403 1047 1485 qui
1067 1401 1257 1465 domesticis

236 1517 336 1580 rebus
359 1518 476 1580 intenti
492 1525 597 1595 erant,
619 1519 652 1582 id
675 1519 765 1602 quod
781 1540 1024 1602 supervacuum
1045 1521 1125 1594 erat,
1146 1518 1250 1581 inscio

235 1633 375 1696 forsitan
405 1634 550 1713 domino,
576 1636 719 1718 primum
743 1635 920 1719 aliquando
943 1656 1063 1699 venum
1092 1635 1251 1698 dederint.

237 1749 317 1812 lude
327 1751 422 1832 quasi
435 1751 579 1814 fenestra
592 1758 704 1834 aperta
719 1752 752 1814 in
768 1752 935 1836 publicam
950 1753 1047 1828 viam,
1057 1752 1254 1835 initiumque

235 1867 499 1950 negotiationum
512 1868 637 1930 factum
651 1874 701 1931 est
715 1869 836 1952 quibus
856 1875 970 1952 postea
992 1869 1157 1944 dominus,
1170 1869 1256 1952 prio·

232 1969 328 2046 ¹ribus
343 2005 361 2046 a
377 2004 471 2047 servo
487 1984 572 2047 datis
587 1984 754 2067 exemplis,
765 1985 822 2047 ubi
837 1985 936 2048 etiam
952 1991 1126 2048 creverunt
1141 1984 1255 2067 copiae,

235 2119 347 2162 servos
362 2099 525 2164 adhibuit.

273 2332 371 2395 Aliud
387 2333 545 2396 Romanis
561 2340 631 2398 erat
646 2335 858 2398 commodum
874 2355 950 2398 oum
971 2355 1082 2398 servos
1101 2334 1135 2396 in
1154 2353 1253 2418 nego-

233 2447 426 2512 tiationibus
441 2450 634 2514 adhiberent
644 2472 649 2527 ;
661 2451 682 2513 ii
698 2451 785 2514 enim
801 2473 877 2514 cum
891 2472 930 2515 ex
940 2451 1118 2535 provinciis
1126 2452 1175 2514 vel
1186 2451 1254 2513 lon-

234 2560 368 2642 ginquis
387 2561 581 2643 regionibus
605 2563 736 2625 oriundi
758 2569 878 2641 essent,
903 2584 989 2646 saepc
1011 2563 1139 2647 praediti
1159 2569 1252 2626 erant

234 2672 367 2758 ingenio
378 2676 419 2739 ad
434 2678 676 2758 negotiationes
690 2680 875 2762 aptissime.

275 2792 444 2870 Quamvis,
466 2799 504 2856 ut
527 2794 681 2865 vidimus,
707 2794 847 2857 Romani
869 2814 1069 2877 magnopere
1091 2793 1250 2875 negotiati

234 2906 309 2984 sint,
332 2928 399 2970 non
422 2914 533 2972 tamen
556 2911 628 2994 ipsa
651 2917 769 2974 natura
790 2911 924 2994 ingenio
947 2909 989 2973 ad
1010 2908 1251 2992 negotiationes

233 3028 310 3086 nato
335 3044 392 3087 eos
410 3025 565 3107 praeditos
584 3047 658 3090 esse
680 3027 855 3090 credimus.
878 3027 982 3110 Cujus
1002 3025 1126 3109 ingenii
1149 3024 1244 3106 quasi

233 3145 466 3221 argumentum
495 3141 538 3204 sit
565 3142 741 3225 pristinum
766 3143 822 3226 jus
850 3143 993 3227 negotiis
1021 3138 1251 3226 negotiationi·

232 3252 361 3337 busque
384 3256 492 3319 minus
516 3263 643 3340 aptum,
662 3259 689 3320 si
716 3280 782 3322 non
807 3259 1008 3322 contrarium
1024 3258 1170 3341 quidem,
1195 3257 1252 3319 sed

233 3369 383 3433 Romano
401 3371 535 3455 ingenio
556 3373 661 3436 inerat
677 3375 731 3437 illa
749 3375 891 3438 facultas
906 3396 971 3458 qua
990 3374 1151 3458 quidquid
1171 3373 1250 3437 utile

232 3492 302 3548 erat
317 3486 378 3549 sibi
394 3495 600 3552 assumerent
614 3490 708 3574 isque
725 3491 875 3554 utilitatis
891 3513 1007 3556 sensus
1023 3513 1089 3574 quo
1104 3492 1195 3575 leges
1218 3497 1250 3553 et

231 3602 482 3685 suppeditantur
492 3611 525 3668 et
534 3605 725 3670 eluduntur.
737 3607 792 3670 Sic
805 3606 950 3691 antiquis
965 3609 1095 3690 legibus
1109 3609 1247 3672 alterum

232 3717 381 3780 additum
396 3726 443 3782 esf
456 3720 514 3802 jus
529 3722 619 3804 quod
629 3723 663 3785 in
678 3723 787 3787 edicto
797 3725 947 3808 praetoris
962 3725 1080 3788 urbani
1091 3731 1148 3789 aut
1162 3746 1252 3808 pere

233 3833 319 3916 grini
341 3855 402 3897 nec
428 3856 493 3898 non
516 3815 550 3899 in
574 3837 682 3902 edicto
710 3839 854 3903 aedilium
877 3841 1119 3905 continebatur.
1149 3842 1247 3919 Quod

233 3949 434 4031 quotidianis
450 3954 677 4017 contractibus
692 3962 725 4018 et
744 3957 886 4040 negotiis
903 3957 1250 4040 negotiationibusque

227 4064 443 4148 'aptissimum
459 4074 539 4130 erat.
