3080 5034
327 605 364 658 32
581 608 583 613 '
648 602 802 668 QUOMODO
826 602 891 655 PER
913 602 1042 656 SERVOS

327 769 366 812 eo
391 748 553 824 contrahi,
582 746 750 830 praepositi
774 745 848 809 loco
868 767 934 809 non
956 745 1097 810 habetur
1117 768 1123 810 :
1144 769 1221 812 cum
1241 752 1348 833 magis

326 865 380 927 hic
397 865 545 928 custodis
562 865 605 926 sit
619 863 704 938 loco,
722 883 821 946 quam
837 863 1010 926 institoris.
1029 863 1116 948 Ergo
1130 885 1190 928 nec
1207 867 1348 930 vendere

326 1001 468 1044 mercem
484 981 538 1043 hic
554 979 686 1063 poterit,
703 999 763 1042 nec
784 978 951 1041 modicum
974 978 1053 1062 quid
1075 1000 1115 1042 ex
1134 981 1270 1045 taberna
1284 987 1306 1045 ¹.
1332 1009 1346 1040 »

367 1098 529 1160 Dominus
545 1097 648 1179 igitur
662 1116 739 1159 cum
762 1095 939 1178 praeposito
959 1115 1053 1158 servo
1071 1097 1221 1159 contrahi
1240 1099 1349 1181 prohi-

326 1215 403 1276 bere
418 1219 538 1296 potest,
555 1211 612 1274 sed
627 1232 675 1286 ea,
693 1233 766 1294 quae
782 1231 855 1274 rara
870 1218 942 1274 erat
954 1211 1007 1274 lex
1021 1218 1052 1275 et
1069 1214 1153 1275 servi
1167 1213 1261 1276 malae
1276 1235 1349 1298 ges

326 1331 408 1393 tioni
431 1330 558 1392 scilicet
579 1327 766 1400 tribuenda,
783 1348 849 1390 non
872 1327 934 1391 nisi
957 1328 1082 1391 strictis
1102 1329 1348 1394 conditionibus

326 1446 558 1530 recipiebatur,
581 1465 623 1506 ne
642 1445 664 1506 ii
687 1444 836 1526 quicum
857 1464 951 1506 servo
967 1449 1198 1508 contraxerant
1220 1447 1352 1530 decipe-'

326 1569 449 1625 rentur.
475 1563 511 1624 ln
542 1561 692 1643 sequenti
723 1561 911 1642 fragmento
938 1561 1079 1643 legimus
1108 1562 1349 1626 admonitiones

318 1678 495 1740 ¹notatione
504 1677 623 1760 dignas
638 1682 674 1738 ut
690 1697 728 1738 ea
749 1674 802 1738 lex
817 1675 971 1738 omnibus
986 1650 1107 1759 pateat,
1117 1698 1194 1740 narn
1207 1678 1240 1740 in
1249 1698 1349 1762 nego-

325 1793 519 1856 tiationibus
535 1792 624 1854 nulla
635 1792 686 1854 lex
702 1792 765 1854 nisi
781 1812 820 1854 ea
833 1791 1022 1854 conditione
1038 1799 1075 1855 ut
1089 1799 1200 1876 pateat
1210 1794 1305 1857 valet.

367 1911 506 1993 Oportet
521 1909 609 1971 enim
629 1907 836 1993 proscribere
855 1907 963 1990 palam
984 1929 990 1970 :
1020 1929 1058 1970 ne
1080 1930 1148 1971 cum
1168 1931 1201 1971 eo
1222 1919 1347 1972 contru-

326 2027 429 2088 butur.
448 2051 462 2082 «
479 2025 675 2088 Proscriberc
693 2025 803 2107 putum
823 2024 872 2086 sic
890 2023 1083 2106 accipimus,
1101 2025 1198 2088 claris
1217 2025 1345 2103 litteris,

325 2143 412 2206 unde
428 2141 468 2204 de
484 2141 582 2224 plano
602 2146 690 2203 recte
709 2139 775 2221 legi
795 2140 911 2222 possit,
933 2145 1009 2202 ante
1030 2139 1199 2204 tabernam
1220 2141 1348 2205 scilicet

324 2257 375 2321 vel
397 2263 473 2320 ante
495 2256 713 2328 eumloeum,
734 2255 855 2336 inquo
877 2255 1058 2337 negotiatio
1078 2262 1259 2334 exercetur,
1281 2277 1348 2320 non

325 2369 358 2430 in
378 2369 452 2430 loco
473 2372 611 2442 remote,
628 2366 686 2428 sed
706 2366 740 2428 in
759 2365 913 2428 evidenti.
933 2366 1066 2429 Litteris
1085 2373 1196 2430 utrum
1217 2369 1346 2451 graecis,

325 2505 366 2546 an
388 2483 519 2546 latinis?
539 2483 625 2545 Puto
643 2481 827 2544 secundum
847 2483 911 2544 loci
936 2483 1159 2546 conditionem
1183 2503 1190 2544 ε
1212 2485 1348 2567 nequis

325 2599 454 2662 causari
478 2598 583 2681 possit
604 2598 824 2681 ignorantiam
851 2597 1033 2661 litterarum
1062 2618 1069 2660 :
1096 2605 1195 2677 certe,
1221 2600 1248 2662 si
1273 2601 1348 2683 quis

324 2716 412 2778 dicat
427 2715 598 2799 ignorasse
614 2735 648 2777 se
662 2715 788 2777 litteras
797 2715 853 2792 ,vel
869 2735 935 2777 non
948 2717 1141 2778 observasse
1163 2716 1252 2798 quod
1275 2736 1348 2799 pro-

324 2832 467 2916 positum
484 2837 565 2908 erat,
581 2851 656 2893 cum
673 2829 767 2892 multi
787 2830 944 2913 legerent,
968 2851 1111 2914 cumque
1132 2831 1241 2915 palam
1260 2839 1349 2896 esset

323 2948 541 3030 propositum,
574 2967 640 3009 non
675 2947 837 3009 audietur.
869 2947 1097 3030 Proscriptum
1130 2953 1241 3010 autem
1274 2968 1347 3030 per-

322 3070 422 3147 petuo
448 3084 520 3126 esse
546 3067 686 3145 oportet.
716 3064 869 3126 Ceterum
893 3062 921 3124 si
943 3083 1001 3146 per
1027 3062 1061 3125 id
1085 3063 1254 3146 temporiS,
1278 3084 1345 3146 quo

322 3179 528 3263 propositum
544 3179 773 3255 nouerat,ch
793 3178 970 3242 obscurata
990 3179 1244 3263 proscriptione,
1265 3200 1344 3243 con·

322 3301 466 3358 tractum
505 3295 559 3369 sit,
598 3294 761 3358 institoria
797 3295 909 3358 locum
947 3294 1093 3373 habebit,
1133 3295 1275 3358 Proinde
1317 3297 1346 3358 si

323 3411 476 3473 dominus
510 3410 644 3492 quidem
677 3411 797 3473 mercis
828 3411 1088 3493 proscripsisset,
1116 3411 1200 3473 alius
1234 3418 1346 3474 autem

323 3526 469 3600 sustulit,
495 3532 554 3588 aut
580 3531 742 3589 vetustate
764 3526 815 3589 vel
835 3527 959 3610 pluvia,
981 3526 1033 3590 vel
1058 3547 1124 3608 quo
1147 3527 1245 3589 simili
1268 3548 1347 3590 con-

323 3641 432 3724 tingit,
449 3662 490 3704 ne
505 3642 727 3725 proscriptum
743 3648 841 3719 esset,
857 3643 908 3704 vel
923 3662 989 3704 non
1012 3648 1152 3725 pareret,
1170 3642 1346 3706 dicendum

322 3777 398 3819 eum
411 3758 468 3839 qui
484 3758 663 3840 praeposuit
678 3759 792 3822 teneri.
809 3758 874 3821 Sed
891 3759 917 3820 si
933 3758 1005 3840 ipse
1015 3759 1148 3821 institor
1159 3759 1345 3842 decipiendi

355 4004 376 4051 r.
391 4003 432 4064 n,
449 4003 515 4066 xiv,
534 4007 557 4067 a,
574 4007 612 4066 n,
628 4007 653 4068 ss
667 4008 680 4055 a
695 4009 723 4054 a
739 4009 762 4055 a.
