3080 5034
752 1455 916 1530 CAPUT
949 1455 983 1526 ΙΙ

390 1795 574 1899 Quomodo
589 1828 837 1886 contractibus
852 1843 872 1885 a
886 1828 1097 1897 negutiante
1113 1842 1219 1884 servo
1235 1827 1340 1884 factis

673 1946 862 2002 teneretur
879 1945 1055 2012 dominus.

396 2280 535 2342 Duabus
558 2279 618 2342 viis
642 2279 816 2362 modisque
839 2279 1008 2362 provisum
1024 2285 1095 2342 erat
1114 2285 1150 2342 ut
1174 2278 1262 2341 illam
1284 2299 1377 2340 servo

356 2394 465 2469 fidem,
482 2395 764 2478 negotiationibus
777 2401 844 2458 tarn
860 2395 1090 2470 necessariam,
1108 2395 1268 2458 haberent
1282 2395 1304 2456 ii
1321 2395 1379 2476 qui

356 2531 432 2574 curn
448 2530 540 2574 servo
561 2511 810 2590 contrahebant,
829 2533 905 2575 cum
921 2532 1036 2574 servus
1052 2532 1112 2574 neo
1129 2532 1163 2574 se
1180 2513 1299 2596 ipsum,
1318 2531 1378 2573 nec

356 2626 527 2690 dominum
542 2627 690 2712 obligare
704 2635 828 2711 posset.
842 2630 879 2691 In
890 2629 1004 2711 primis
1019 2628 1117 2704 enim,
1131 2629 1229 2691 certis
1244 2627 1378 2690 casibus

356 2743 678 2827 conditionibusque‚
718 2765 812 2807 servo
856 2744 1027 2807 dominum
1066 2743 1213 2827 obligare
1243 2743 1376 2821 licebat,

356 2859 473 2924 deinde
495 2861 529 2922 in
554 2861 709 2923 omnibus
734 2861 802 2922 sere
824 2860 959 2923 casibus
983 2860 1166 2942 negotianti
1187 2880 1283 2922 servo
1305 2880 1378 2942 pro-

356 2977 463 3060 prium
483 2977 651 3060 quoddam
673 2977 941 3060 «patrimonium
964 3002 978 3034 »
1009 2981 1089 3052 erat,
1110 2975 1199 3058 quod
1222 2981 1376 3038 contrac-

355 3094 444 3156 tibus
459 3113 475 3154 a
493 3113 528 3155 se
542 3093 639 3156 sactis
654 3093 835 3175 obligabat.
854 3091 950 3170 Quod
962 3092 1197 3175 patrimonium
1208 3092 1377 3175 peculium

356 3215 437 3285 erat,
454 3229 515 3272 nec
535 3209 635 3272 verbo
657 3209 836 3285 abutimur,
859 3207 916 3270 sed
936 3207 1252 3290 jurisconsultorum
1272 3227 1379 3270 exem-

357 3326 447 3408 plum
464 3325 635 3408 sequimur
654 3346 730 3389 cum
752 3324 920 3408 peculium
940 3344 1098 3387 vocamus
1122 3344 1128 3386 :
1154 3324 1379 3406 patrimonium

356 3443 465 3505 servi¹.

397 3557 572 3636 Quomodo
588 3558 755 3642 peculium
770 3557 859 3641 quod
881 3557 1043 3620 libertatis
1068 3556 1235 3639 quondam
1255 3557 1380 3618 instru-

357 3679 504 3736 mentum
521 3680 553 3736 et
575 3695 676 3737 eausa
696 3675 816 3749 fuerat,
837 3673 1100 3756 negotiationum
1123 3673 1381 3735 instrumentum

359 3795 391 3852 et
408 3789 490 3852 ratio
506 3790 632 3853 facturn
648 3791 691 3854 sit
705 3790 801 3853 nobis
816 3789 956 3852 breviter
975 3788 1149 3852 ostendere
1165 3808 1302 3852 necesse
1318 3794 1379 3864 est,

388 4025 409 4072 r.
423 4023 463 4084 o,
477 4024 531 4085 xv,
549 4026 571 4085 r,
585 4026 623 4073 aa.
