3080 5034
597 586 780 642 PlltlOEtdlUld
1186 593 1221 645 17

196 740 305 796 tarum
321 732 510 794 divitiarum
525 733 749 809 continentur,
765 753 833 796 non
851 753 951 797 verus
970 734 1065 797 labor
1083 743 1219 819 reputa·

196 849 329 912 bantur.
354 847 462 926 Quod,
486 849 548 911 etsi
572 849 777 912 oeconomica
802 849 939 925 ratione,
966 851 1071 914 31113
1098 850 1219 926 dicam,

196 965 345 1047 ineptum
377 964 519 1040 videtur,
552 970 664 1026 tamen
700 964 877 1047 aliquando
914 966 964 1029 vel
997 967 1119 1050 saepius
1154 987 1221 1030 non

189 1075 331 1143 omnino
345 1079 466 1142 falsum
481 1100 593 1142 revera
607 1081 802 1146 invenietur.

235 1195 328 1258 Adde
350 1193 441 1278 quod
464 1197 498 1258 in
524 1195 675 1278 plurimis
704 1196 838 1259 casibus
864 1197 906 1259 ab
939 1197 1087 1260 Ecclesia
1113 1219 1221 1260 usurae

195 1311 381 1374 interdictae
398 1317 487 1374 sunt.
505 1311 544 1372 Ei
558 1310 796 1387 interdictioni,
812 1333 887 1394 quae
898 1319 1046 1395 tempore
1062 1313 1221 1396 paulatim

195 1427 347 1510 mitigata
376 1431 437 1502 est,
468 1425 554 1488 forte
582 1447 692 1489 causae
725 1428 861 1490 suerunt
888 1427 1075 1490 immodicae
1104 1430 1223 1491 Roma-

195 1563 314 1607 norum
331 1548 489 1630 usurae-ct
504 1542 538 1604 in
560 1543 776 1606 oeeonomicis
790 1543 890 1606 rebus
904 1543 1119 1626 dispiciendis
1133 1563 1224 1606 error

194 1659 331 1742 quidam
371 1677 438 1740 quo
472 1658 766 1722 confundebantur
798 1657 911 1722 civiles
951 1681 1062 1722 usurae
1100 1659 1223 1742 quibus

196 1793 306 1836 mores
317 1779 574 1854 corrumpantur
583 1793 660 1836 cum
670 1774 735 1836 illis
750 1775 862 1838 usuris
872 1793 946 1856 quae
957 1775 1222 1858 negotiationum

196 1895 230 1952 et
259 1909 335 1972 pars
359 1893 393 1950 et
420 1907 541 1950 nervus
568 1895 658 1950 sunt.
677 1889 732 1951 Sic
760 1890 864 1951 crevit
889 1890 944 1951 illa
966 1891 1158 1953 ludaeorum
1186 1891 1221 1952 in

196 2003 482 2088 negotiationibus
505 2002 650 2066 sollertia
673 2025 747 2086 quae
773 2005 814 2066 ad
836 2003 1005 2066 meliorem
1026 2006 1149 2067 samam
1176 2005 1223 2067 eis

196 2119 439 2184 conciliandam
456 2139 521 2180 non
536 2117 679 2182 multum
694 2117 846 2202 proiecit.

237 2235 366 2314 Quibus
387 2255 427 2298 ex
451 2233 561 2298 causis
584 2235 829 2318 negotiationes
851 2256 918 2298 non
942 2236 1092 2299 eamdem
1116 2236 1224 2320 digni-

194 2361 296 2418 tatem
320 2371 360 2416 ac
387 2352 540 2416 liberales
566 2359 654 2416 artes
682 2359 741 2416 aut
769 2354 1113 2437 rerumpublicarum
1144 2373 1224 2416 cura

194 2471 421 2534 obtinuerunt.
439 2469 507 2532 Cur
534 2469 624 2554 apud
655 2467 802 2533 Francos
831 2491 878 2533 eae
904 2492 1025 2545 causae‚
1051 2492 1127 2553 quae
1155 2491 1223 2534 non

196 2588 423 2649 Romanorum
453 2585 594 2668 propriae
630 2592 720 2660 sunt,
750 2587 909 2668 majorem
941 2587 1007 2648 vim
1045 2586 1223 2648 habuerint

196 2701 409 2782 habeantque
437 2719 538 2782 quam
565 2697 654 2782 apud
680 2699 763 2762 alios
791 2701 933 2782 populos
959 2721 1026 2763 non
1048 2701 1145 2764 nobis
1169 2702 1223 2764 hic

196 2813 414 2901 quaerendum
434 2820 495 2877 cst.
511 2813 780 2876 Animadvertere
799 2815 878 2878 licet
896 2815 985 2898 apud
1004 2816 1146 2898 populos
1166 2817 1223 2898 qui

196 2933 314 3015 majori
338 2930 469 2994 cultura
495 2927 626 3012 praediti
652 2936 747 2992 erant
774 2951 830 2993 eas
859 2931 1018 3012 majorem
1039 2931 1222 2995 obtinuisse

194 3050 260 3112 vim
276 3053 308 3111 et
323 3047 490 3131 praecipue
508 3041 599 3128 apud
615 3043 762 3108 Francos
781 3067 848 3108 non
864 3046 942 3129 quia
962 3048 1111 3109 Romana
1130 3048 1223 3110 insti-

195 3165 259 3230 tuti
285 3170 380 3227 erant
404 3162 546 3236 cultura,
569 3160 626 3223 sed
651 3162 729 3244 quia
753 3162 954 3244 praecellenti
978 3163 1106 3246 praediti
1130 3171 1223 3227 erant

198 3280 338 3346 cultura.
733 3361 736 3366 .

236 3399 366 3459 Recens
385 3400 436 3457 est
456 3399 571 3456 autem
589 3391 679 3475 apud
698 3393 837 3476 AngloS,
859 3395 1024 3457 recentius
1039 3395 1127 3477 apud
1144 3396 1221 3458 Ger-

196 3531 313 3574 manos
329 3507 410 3572 illud
421 3507 686 3591 negotiationum
699 3508 871 3591 multiplex
878 3509 1131 3586 incrementum,
1144 3531 1222 3574 cum

196 3627 294 3690 ambo
323 3624 437 3710 populi
465 3621 572 3706 magis
600 3623 634 3684 in
659 3624 731 3706 agri
753 3624 885 3687 cultura
912 3631 971 3687 aut
997 3625 1220 3708 pastoralibus

195 3739 366 3805 laboribus
376 3741 478 3803 vitam
493 3739 550 3802 diu
560 3739 698 3820 egerint.
712 3739 878 3815 Germani,
891 3746 923 3803 et
933 3761 1100 3804 armorum
1115 3741 1220 3825 gloria

196 3865 229 3922 et
242 3863 432 3920 exactorum
448 3875 467 3917 a
482 3854 579 3918 nobis
592 3854 808 3936 pecuniarum
817 3856 912 3938 copia
927 3856 1067 3932 incitati,
1084 3877 1124 3918 ex
1135 3877 1219 3940 pau-

196 3980 322 4058 pertate
336 3973 387 4036 vel
402 3971 579 4036 mediocris
594 3970 776 4052 rusticique
791 3973 921 4054 generis
936 3973 1002 4035 vita
1020 3973 1115 4055 quasi
1135 3973 1219 4035 exci-

267 4100 365 4142 133333.
1060 4081 1077 4135 ‘2
