3080 5034
444 561 736 616 Nueottrtttttttttttt
755 557 888 618 uoultu
1150 565 1186 618 et

165 727 250 785 vero
268 730 335 772 uon
359 709 564 772 laedcretur¹.
579 709 662 771 Cum
689 708 811 773 liberto
836 709 936 788 simul
963 710 1108 792 exspirat
1136 709 1189 772 illa

167 826 306 888 societas
332 845 406 907 quae
423 824 496 906 ejus
515 824 650 907 ingenio
671 825 820 908 vigebat,
842 831 1071 908 patronusque
1088 826 1192 889 totius

166 941 400 1025 negotiationis
409 941 497 1004 vices
512 961 580 1004 uno
595 947 744 1024 tempore
759 941 937 1023 experitur,
954 941 1101 1004 secunda
1114 963 1191 1004 cum

167 1057 303 1120 adversa
319 1063 555 1140 compensatur
574 1057 720 1132 fortuna,
741 1056 934 1140 pignusque
957 1057 1053 1120 bonae
1081 1036 1190 1120 liberti

168 1173 327 1255 gestionis
340 1173 503 1256 optimum
512 1172 625 1247 habet,
636 1172 745 1255 ipsam
758 1171 872 1234 liberti
887 1171 1075 1236 utilitatem.

123 1354 126 1363 ,
209 1288 274 1352 Sed
301 1288 372 1350 fieri
388 1294 498 1372 potest
515 1294 553 1351 ut
571 1287 709 1350 libertus
728 1294 869 1351 conetur
886 1287 1032 1351 debitam
1052 1294 1192 1371 patrono

93 1442 97 1450 ·
173 1411 299 1488 partem
314 1405 386 1467 aliis
400 1404 462 1466 viis
480 1405 641 1481 minuere,
658 1403 760 1467 veluti
783 1403 1021 1467 donationibus
1043 1410 1101 1485 aut
1121 1404 1194 1466 aliis

171 1519 374 1603 quibuslibet
406 1519 591 1582 rationibus
614 1541 689 1602 quae
722 1520 755 1582 in
777 1519 930 1583 fraudem
956 1521 1087 1602 patroni
1107 1541 1195 1602 quae-

170 1641 295 1709 rantur,
311 1634 363 1697 vel
378 1635 477 1698 etiam
491 1634 575 1716 legis
586 1640 667 1696 utse
682 1634 845 1698 minorem
856 1636 1047 1698 centenario
1059 1637 1160 1698 faciat
1170 1637 1193 1711 ²,

171 1751 259 1814 etita
274 1750 421 1814 strictius
432 1749 489 1832 jus
503 1749 587 1832 legis
598 1749 711 1832 Papiae
726 1751 892 1832 Poppaeae,
904 1771 978 1833 quae
990 1751 1032 1813 ad
1049 1751 1195 1835 locuple-

171 1867 271 1930 tiores
286 1865 517 1928 tantummodo
532 1865 670 1928 libertos
685 1864 885 1948 pertinebat,
900 1865 1019 1948 fugiat.
1029 1865 1196 1930 Adversus

172 2003 208 2044 ea
218 2003 291 2062 quae
306 1981 453 2044 aliberto
466 1981 500 2042 in
509 1979 657 2042 fraudem
672 1980 802 2062 patroni
815 1979 1051 2063 fieripoterant
1066 1981 1196 2045 actione

174 2099 316 2162 Faviana
337 2106 395 2162 aut
418 2099 602 2164 Calvisiana
623 2100 792 2182 provisum
816 2104 897 2162 erat.
923 2101 1006 2178 Quae
1026 2106 1137 2162 autem
1163 2101 1197 2160 in

173 2213 323 2278 fraudem
336 2215 420 2299 legis
435 2217 569 2292 fiebant,
586 2216 659 2298 ipso
668 2216 744 2298 jure
759 2215 841 2286 nihil
857 2215 1013 2280 valebant
1026 2217 1049 2278 ³.

216 2431 293 2492 Erat
308 2435 418 2492 autem
429 2429 493 2492 alia
505 2449 621 2492 eorum
632 2429 826 2492 libertorum
842 2429 989 2494 conditio
1000 2430 1057 2512 qui
1070 2432 1198 2494 Latini*

208 2683 230 2728 l.
243 2680 278 2728 Ut
294 2693 438 2728 noscamus
452 2682 587 2741 quantum
602 2679 675 2728 haud
690 2679 775 2729 semel
786 2679 895 2742 patroni
907 2679 936 2729 in
944 2680 1105 2730 libertorum
1121 2695 1201 2744 nego-

178 2750 339 2800 tiationibus
356 2764 384 2800 se
396 2750 593 2810 immiscerent,
609 2751 762 2812 exemptum
783 2764 891 2801 sumere
907 2751 973 2801 licet
988 2765 1004 2800 a
1018 2752 1157 2800 contrario
1169 2767 1203 2801 ex

178 2821 357 2884 inscriptione
369 2825 562 2884 quapatronus
573 2821 685 2884 quidam
697 2835 777 2870 suum
789 2822 884 2872 laudat
893 2821 1023 2872 libertum
1034 2823 1083 2884 qui
1093 2823 1202 2872 calator

179 2899 239 2943 erat.
254 2911 260 2942 ε
277 2916 287 2934 «
304 2895 438 2943 Patronus
452 2893 499 2944 lib.
512 2894 582 2944 benc
597 2893 723 2943 merenti.
735 2893 785 2942 Hie
799 2894 828 2943 in
841 2893 897 2944 vita
913 2908 963 2944 sua
973 2895 1042 2944 nulli
1051 2894 1201 2956 maledixit,

180 2965 239 3014 sine
251 2967 391 3015 voluntate
406 2965 514 3027 patroni
529 2965 598 3014 nihil
614 2965 814 3014 iecit.'ltiultum
826 2965 956 3026 ponderis
972 2965 1033 3015 auri
1048 2978 1103 3026 arg.
1120 2979 1203 3027 penes

181 3051 242 3086 eum
260 3049 368 3096 semper
382 3036 443 3092 luit,
461 3035 599 3098 concupiit
615 3049 647 3085 er
664 3049 696 3085 eo
713 3036 783 3085 nihil
802 3049 942 3097 umquam,
957 3037 1003 3086 bic
1021 3041 1108 3086 artem
1126 3038 1203 3086 caela-

182 3112 243 3156 tura
255 3107 381 3156 elodiana
396 3107 478 3156 evicit
492 3121 595 3156 omues.
614 3129 624 3147 »
639 3107 677 3166 (C.
693 3107 712 3156 Ι.
731 3108 770 3168 ln,
787 3108 830 3169 vt,
845 3107 929 3168 9222.)

213 3182 236 3228 2.
253 3177 405 3228 Centenarii
422 3178 583 3228 dicebantur
598 3177 691 3228 liberti
704 3179 752 3239 qui
765 3183 876 3228 centurn
888 3177 1006 3228 millium
1015 3179 1204 3228 sestertiorum

184 3249 364 3299 substantiam
378 3249 526 3300 habebant.
971 3275 974 3280 ·

215 3323 238 3370 3.
254 3320 332 3370 Tales
348 3321 510 3371 libertorum
529 3320 639 3370 fraudes
660 3321 733 3370 haud
755 3321 947 3384 infrequentes
969 3321 1054 3370 tuisse
1070 3319 1206 3376 novimus,

185 3391 213 3440 in
227 3391 324 3455 primis
340 3405 375 3441 ex
387 3391 566 3454 sequentibus
578 3391 664 3441 Taciti
676 3392 743 3442 locis
756 3410 763 3441 :
777 3392 904 3443 Vitellius
915 3413 927 3433 e
935 3392 1053 3442 reversis
1066 3393 1100 3442 ab
1110 3392 1206 3442 exsilio

183 3463 247 3524 jura
261 3463 422 3512 libertorum
431 3461 571 3520 concessit,
583 3475 739 3524 quanquam
750 3463 778 3512 id
793 3463 868 3513 omni
883 3464 964 3513 modo
974 3463 1085 3513 servilia
1099 3463 1208 3525 ingenia

187 3535 406 3595 corrumpebant,
415 3533 516 3584 abditis
531 3533 655 3595 pecuniis
665 3535 843 3596 peroccultos
855 3539 903 3584 aut
916 3535 1079 3584 ambitiosos
1095 3534 1181 3584 sinus.
1194 3555 1204 3575 ·

187 3604 274 3668 (ilict,
289 3605 320 3665 ll,
337 3607 386 3668 92.)
403 3605 510 3655 Similes
522 3605 591 3656 torte
607 3605 726 3665 fraudes,
736 3605 841 3656 Nerone
852 3606 1015 3669 imperante,
1025 3608 1115 3655 locum
1129 3607 1208 3656 dede·

187 3680 252 3725 runt
266 3676 457 3726 controversia
472 3677 544 3740 apud
557 3681 681 3726 senatum
697 3681 725 3728 et
736 3678 882 3727 consilium
895 3677 1028 3741 principis
1043 3691 1125 3740 quam
1134 3677 1206 3726 idem

187 3747 271 3797 refert
285 3748 415 3798 Tacitus:
434 3769 444 3789 ·
461 3749 559 3798 Actum
574 3749 602 3797 in
618 3753 714 3800 senatu
729 3749 763 3799 de
782 3749 927 3799 fraudibus
941 3747 1113 3806 libertorum,
1134 3747 1208 3798 cissa-

187 3818 355 3881 gitatumque
384 3823 414 3868 ut
432 3819 562 3868 adversus
582 3820 652 3869 male
674 3820 795 3882 meritos,
818 3822 979 3871 revocandae
1004 3820 1142 3870 libertatis
1163 3819 1209 3880 jus

187 3889 310 3952 patronis
325 3891 445 3940 daretur.
461 3911 471 3930 ι
489 3889 565 3950 Quod
578 3890 690 3952 quidem
708 3904 763 3940 non
776 3885 964 3942 obtinuerunt.
980 3891 1072 3955 (Aura,
1082 3890 1207 3952 xttt,ao.)

219 3963 241 4009 i.
258 3959 370 4010 Latinus
386 3965 428 4009 est
445 3960 628 4012 manumissus
641 3961 671 4012 in
690 3961 770 4024 cujus
789 3955 913 4026 persona¹
930 3963 982 4034 tria
998 3963 1055 4012 hac
1077 3975 1130 4010 non
1146 3974 1209 4009 con-

259 4069 359 4110 locata.
1054 4051 1070 4106 6
