3080 5034
494 627 784 684 nautriarnnruu
806 631 937 685 aonam
1200 635 1235 688 63

213 777 335 858 tiaeque
368 775 474 859 gratia
502 775 706 852 manumisit,
733 775 853 838 idoneo
882 776 1032 858 ejusdem
1054 778 1236 842 ministerio

213 891 360 954 fraudari
383 889 500 953 noluit.
530 891 614 954 Cum
637 891 862 954 manumissus
885 898 947 967 est,
967 893 1144 956 artificium
1173 894 1237 957 sibi

214 1027 365 1070 exercere
380 1011 501 1090 potest,
518 1026 557 1068 eo
573 1011 720 1090 tempore
739 1027 806 1090 quo
826 1028 893 1070 non
908 1009 1046 1090 requirit
1065 1015 1234 1091 patronus.

216 1123 279 1185 Sed
294 1123 323 1184 si
334 1127 474 1205 aegrotat
489 1127 660 1205 patronuS,
678 1122 707 1184 ei
723 1143 837 1186 euram
852 1122 958 1200 dabit;
971 1123 999 1185 si
1008 1123 1144 1186 domum
1159 1127 1238 1188 emit
1297 1195 1305 1203 ,

215 1238 264 1300 vel
293 1237 480 1314 aedifreavit,
509 1237 595 1300 hanc
617 1236 756 1320 picturis
779 1258 897 1301 ornare
919 1238 1031 1316 debet;
1058 1239 1086 1301 si
1112 1240 1238 1320 amieos

214 1353 474 1435 recipit„versus
504 1353 657 1428 recitare;
672 1352 700 1415 si
727 1352 926 1416 candidatus
946 1354 1021 1428 exit,
1046 1375 1121 1417 eum
1151 1375 1237 1438 pone

214 1469 307 1551 sequi
324 1474 355 1532 et
371 1468 573 1531 venientium
590 1467 698 1531 dicere
707 1467 860 1532 vultuset
870 1469 1015 1544 nomina,
1026 1477 1063 1533 ut
1078 1478 1237 1554 patronus

213 1585 328 1668 possit,
341 1583 421 1646 dum
433 1583 680 1646 occurrentium
691 1603 811 1646 manus
820 1591 964 1667 prensat,
977 1586 1172 1649 nominatim
1181 1608 1238 1650 eos

214 1700 368 1763 salutare.
386 1699 496 1762 Facile
515 1698 712 1782 intelligitur
731 1699 812 1762 tales
833 1721 950 1782 operas
970 1722 1071 1765 nona
1089 1703 1238 1785 quolibet

214 1815 306 1879 reddi
322 1835 420 1899 posse
433 1821 467 1878 et
482 1835 539 1878 eos
554 1815 611 1898 qui
631 1814 707 1877 talis
721 1815 802 1877 artis
819 1815 869 1878 vei
885 1816 1015 1879 artificii
1030 1819 1125 1900 periti
1146 1827 1239 1884 erant

214 1953 281 1996 non
294 1932 392 1995 facile
403 1931 445 1994 ad
455 1931 640 1994 libertatem
648 1938 864 2014 perventuros
875 1932 988 2010 fuisse,
997 1933 1059 1994 nisi
1071 1933 1235 2022 dominus,

214 2069 290 2112 eum
313 2068 370 2110 eos
392 2047 640 2122 manumiserat,
660 2065 774 2110 eorum
794 2047 918 2130 ingenii
936 2047 1155 2111 ministerium
1175 2050 1237 2112 sibi

214 2184 345 2228 servare
359 2163 532 2246 potuisset.

255 2279 403 2342 Fabriles
425 2299 532 2362 operae
555 2278 596 2340 iis
625 2279 724 2342 etiam
744 2279 802 2362 qui
828 2278 974 2341 manuali
994 2279 1132 2344 artifieio
1161 2282 1236 2344 fun·
1267 2302 1269 2306 ’

216 2402 343 2480 guntur
376 2395 502 2478 imponi
529 2400 681 2478 possunt,
710 2394 769 2456 sed
796 2395 830 2456 in
864 2395 927 2458 hoc
957 2397 1168 2460 eontinentur
1201 2404 1238 2460 ut

217 2511 350 2596 patroni
365 2510 478 2573 domui
494 2530 550 2574 eas
570 2531 622 2574 res
642 2510 856 2593 suppeditent
875 2531 949 2594 quae
968 2512 1185 2592 fabricantur,
1202 2520 1239 2576 ut

216 2625 1238 2712 sivestiariussueritservuS,postealibertus,vestibusquibus

220 2749 360 2826 patrono
375 2741 427 2805 vel
444 2767 458 2798 «
477 2741 581 2804 suis»
602 2761 687 2824 opus
707 2762 780 2804 esse
798 2747 919 2824 potest,
935 2743 1129 2824 providebit.
1151 2745 1238 2808 Satis

217 2859 415 2942 intelligitur
434 2859 520 2921 hane
539 2878 715 2942 operarum
737 2857 999 2941 praestationem,
1018 2859 1135 2940 priscis
1158 2866 1238 2923 tem-

215 2974 352 3058 poribus
367 2974 534 3051 usitatam,
550 2973 674 3056 quibus
695 2973 887 3037 domestieae
902 2994 954 3036 res
976 2973 1064 3037 domi
1084 2975 1238 3039 conficie-

216 3089 348 3166 bantur,
376 3110 452 3153 eum
475 3109 685 3172 unaquaeque
706 3090 825 3152 domus
849 3088 913 3152 sibi
941 3089 1012 3173 ipsa
1037 3091 1236 3174 provideret,

215 3205 453 3288 posterioribus
480 3205 686 3288 temporibus
709 3205 821 3268 minus
844 3207 1094 3270 convenientem
1116 3209 1238 3271 saetam

216 3341 298 3397 esse,
324 3322 391 3384 imo
413 3342 456 3384 ne
477 3320 668 3404 possibilem
693 3321 838 3404 quidem,
862 3322 951 3406 quod
976 3323 1017 3386 ad
1041 3343 1098 3386 eos
1127 3344 1239 3388 servos

216 3437 336 3500 attinet
351 3437 408 3520 qui
423 3437 456 3499 in
472 3436 664 3520 ingentibus
679 3438 961 3520 negotiationibus
981 3439 1235 3504 adhibebantur.

218 3553 305 3630 Quid
351 3553 459 3616 enim?
496 3553 580 3615 Cum
618 3552 772 3616 dominus
811 3555 1004 3618 manumisit
1040 3575 1171 3620 servum
1204 3557 1238 3619 in

216 3669 351 3751 ingente
388 3667 545 3732 vestiaria
583 3668 808 3751 negotiatione
850 3669 1057 3750 adhibitum,
1096 3693 1238 3758 eumque

216 3785 347 3866 peculio
371 3784 507 3848 donavit
532 3783 622 3867 quod
656 3791 756 3848 tantae
786 3785 1004 3868 negotiationi
1035 3809 1101 3852 non
1134 3791 1239 3873 impar

217 3906 315 3978 esset,
337 3901 366 3963 ei
388 3901 446 3984 qui
468 3905 572 3964 totam
590 3901 675 3964 forte
698 3900 820 3964 Urbem
843 3904 1113 3988 provinciamque
1127 3905 1236 3982 vestit,

217 4013 298 4077 nihil
321 4015 475 4100 amplius,
501 4036 676 4099 operarum
696 4016 841 4090 nomine,
863 4038 963 4100 quam
985 4027 1143 4102 patronus
1166 4041 1238 4082 ves·
