3080 5034
255 621 291 672 52
576 617 731 682 QUOMODO
754 617 819 672 PER
840 618 969 672 SllRVOS

254 766 389 828 domino
414 785 476 827 suo
506 763 686 846 aliquando
720 763 892 846 epeculio
925 762 1049 846 aliquid
1080 764 1239 848 erogabat
1271 787 1278 828 :

255 908 269 938 «
288 882 474 960 Quaesitum
490 886 552 957 est,
568 899 610 942 an
626 878 716 962 qnod
736 879 879 962 amplius
903 880 1022 942 rationi
1037 880 1223 944 loculorum
1245 883 1279 943 in

253 998 339 1060 diem
362 997 477 1060 mortis
499 995 648 1078 erogavit
665 994 802 1058 Stichus
824 1015 863 1088 en
883 996 1014 1078 peculio
1036 1017 1109 1070 suo,
1126 996 1168 1058 ab
1188 997 1278 1060 here-

254 1109 353 1172 dibus
377 1107 523 1190 recipere
547 1105 696 1170 debeat:
723 1126 800 1168 cum
825 1125 865 1168 ex
893 1107 1134 1170 consuetudine
1158 1108 1277 1171 domus

252 1231 349 1302 esset,
367 1231 404 1286 nt
418 1221 579 1306 quidquid
595 1220 738 1304 amplius
751 1241 790 1284 ex
808 1242 869 1284 sno
888 1222 922 1284 in
942 1223 1068 1286 ratione
1090 1223 1273 1287 loculorum

247 1345 430 1422 erogasset,
449 1338 615 1402 dominica
631 1337 714 1400 ratio
730 1337 759 1399 ei
774 1336 920 1415 deberet,
933 1344 1032 1421 atque
1045 1339 1237 1402 exsolveret.
1257 1367 1271 1398 »

248 1455 513 1519 Jurisconsnltus
538 1452 709 1536 respondit
735 1452 769 1515 id
794 1452 905 1515 deberi
929 1473 989 1536 pro
1014 1475 1123 1517 rerum
1144 1461 1274 1539 tempo-

251 1591 389 1652 rumque
413 1569 688 1646 circumstantiis;
712 1570 854 1633 Severus
874 1575 906 1632 et
924 1569 1113 1633 Antoninus
1130 1591 1207 1634 vero
1233 1571 1273 1634 ad

249 1685 398 1749 eamdem
432 1685 628 1748 sententiam
655 1706 722 1748 non
750 1688 995 1749 accesserunt¹.
1029 1685 1133 1748 Nobis
1163 1694 1274 1750 autem

249 1802 341 1884 parvi
357 1801 456 1863 refert
468 1800 547 1883 quid
561 1801 601 1864 de
623 1801 674 1863 his
696 1801 884 1876 statuerint,
906 1800 964 1864 sed
985 1801 1097 1883 magni
1118 1803 1274 1865 momenti

248 1917 441 1980 estnovisse
457 1916 792 1980 communicationem
814 1915 993 1999 quamdam
1013 1916 1116 1978 fuisse
1134 1937 1273 2000 eamque

247 2053 312 2096 non
343 2033 598 2124 infrequentem
619 2032 705 2094 inter
744 2031 982 2116 patrimonium
1018 2030 1142 2094 domini
1175 2053 1273 2116 pecu-

244 2148 394 2230 liumque
410 2148 508 2212 servi,
524 2147 634 2210 Facile
650 2147 738 2209 enim
756 2147 951 2230 intelligitur
970 2167 1045 2209 eum
1066 2147 1123 2229 qui
1143 2168 1272 2230 magnae

249 2262 465 2345 negotiationi
481 2262 678 2344 praepositus
693 2267 822 2324 estnon
837 2282 935 2345 posse
950 2262 1096 2344 quotidie
1117 2283 1177 2325 sua
1197 2283 1272 2346 pro-

248 2378 317 2460 pria
335 2377 442 2439 abhis
462 2396 536 2458 quae
555 2376 773 2459 negotiationi
793 2377 1010 2454 destinentur,
1033 2377 1083 2440 vel
1108 2398 1146 2440 ex
1165 2399 1272 2461 nego-

246 2493 382 2555 tiatione
417 2491 623 2575 proveniant,
661 2512 828 2574 separare;
865 2513 902 2555 ea
941 2498 1053 2555 autem
1092 2493 1270 2574 disjunctio

244 2607 516 2670 manumissionis
531 2613 679 2691 tempore
693 2607 763 2670 fieri
779 2608 873 2670 solet.

285 2723 444 2786 intereas
459 2723 618 2806 pecunias
634 2744 708 2806 quae
723 2743 824 2807 penes
840 2743 971 2786 servum
988 2729 1078 2800 sunt,
1093 2729 1126 2786 ct
1140 2725 1269 2806 peculio

244 2839 317 2921 ejus
344 2839 371 2900 si
400 2859 467 2902 non
494 2839 676 2922 permixtae,
699 2851 734 2902 at
758 2839 874 2902 saltem
902 2837 1078 2921 implicatae
1102 2839 1266 2916 videntur,

243 2955 369 3036 reliqua
385 2955 551 3017 rationum
567 2955 601 3016 in
617 2954 730 3036 primis
749 2955 973 3017 inveniuntur.
993 2953 1114 3016 Servus
1134 2955 1267 3036 quidam

245 3091 321 3133 cum
334 3071 449 3152 jussus
464 3075 562 3146 esset,
580 3069 669 3152 quod
685 3089 758 3131 raro
773 3089 947 3132 occurrere
965 3069 1060 3130 nobis
1082 3069 1190 3132 visum
1204 3077 1266 3148 est,

241 3185 409 3268 peculium
430 3205 526 3247 snum
547 3184 693 3261 reddere,
714 3184 976 3265 jurisconsultus
994 3185 1164 3267 quaerebat
1188 3211 1204 3244 u
1224 3207 1266 3250 an

239 3301 266 3363 si
292 3322 331 3363 ex
353 3301 488 3383 reliquis
509 3300 543 3362 in
566 3299 733 3383 peculium
761 3299 886 3383 aliquid
914 3301 1123 3374 converterit,
1147 3301 1265 3366 deduci

239 3423 303 3484 hoc
328 3442 368 3483 ex
394 3421 523 3504 peculio
544 3420 710 3483 reddendo
731 3420 871 3484 debeat²
897 3447 925 3483 ».
952 3421 1105 3483 Testatur
1127 3420 1263 3502 quidam

240 3537 415 3619 scripserat
433 3555 439 3597 :
458 3563 473 3592 (ι
487 3537 640 3618 Quotquot
654 3537 768 3618 reliqui
783 3537 904 3612 liberos,
921 3547 1012 3619 utque
1026 3537 1067 3598 eis
1085 3537 1197 3618 tepula,
1215 3557 1264 3598 cos

265 3785 288 3832 l.
307 3783 398 3832 «Cum
418 3784 555 3846 peculium
576 3798 654 3834 servo
674 3787 788 3848 legatur,
808 3800 861 3836 non
884 3785 965 3835 etiam
988 3785 1016 3834 id
1038 3784 1207 3844 conceditur,
1231 3787 1261 3832 ut

232 3854 393 3916 petitionem
416 3855 515 3904 habeat
537 3856 668 3917 pecuniae,
684 3870 766 3918 quam
789 3871 818 3906 se
838 3857 865 3906 in
882 3856 1015 3906 rationem
1032 3855 1136 3905 domini
1152 3855 1258 3918 impen-

233 3926 307 3975 disse
325 3925 400 3975 dicit.
422 3948 432 3968 ι
449 3927 490 3989 (D,
505 3927 619 3991 Xltlllll,
634 3931 657 3989 8,
673 3930 697 3990 6,
712 3929 725 3989 S
740 3928 774 3990 4.)

259 3999 283 4045 2.
304 3996 335 4056 D,
352 3995 405 4056 XL,
422 3999 446 4057 5,
462 4001 501 4060 tl,
515 3999 528 4059 S
541 4001 564 4046 9.
797 4012 800 4016 ·
