3080 5034
553 1265 701 1350 PARS
745 1271 920 1356 PRIOR

297 1546 525 1604 QUOMODO
552 1547 679 1604 SERVl
710 1549 752 1604 ΙΝ
782 1549 932 1606 vteris
965 1550 1180 1607 NEOOTllS

227 1661 750 1721 ΝΕὓΟΤΙΑΤΙΟΝΙΒϋὸΟϋΕ
770 1665 988 1722 Anulum
1015 1666 1246 1723 sottum

632 2157 799 2232 CAPUT
831 2160 844 2230 l

317 2386 386 2442 Gur
411 2387 509 2443 servi
531 2388 570 2444 in
592 2388 750 2457 negotiis
776 2387 1155 2458 negotiationibueque

476 2501 700 2571 potissimum
728 2501 995 2558 adhiberentur.

268 2701 351 2763 Cum
367 2701 408 2764 de
427 2702 643 2764 oeeonomicis
660 2701 903 2784 quaestiouibus
921 2702 1037 2783 quales
1057 2700 1146 2784 apud
1167 2699 1250 2761 anti-

228 2837 313 2900 quos
324 2818 446 2880 luerint
460 2822 635 2894 tractatur,
648 2817 682 2879 id
697 2817 841 2899 primum
854 2816 941 2879 inter
955 2821 1105 2878 nostrum
1121 2822 1253 2897 tempus

226 2941 260 2997 et
277 2935 509 3016 antiquitatem
528 2934 688 2997 interesse
706 2933 849 3011 videtur,
870 2933 959 3016 quod
977 2932 1069 3015 apud
1089 2952 1150 2994 nos
1170 2931 1251 2993 nulli

223 3050 292 3132 jam
306 3055 384 3114 sunt
400 3050 495 3113 servi.

267 3166 422 3249 Plerique
457 3165 631 3248 inquirunt
663 3186 738 3248 quae
770 3164 872 3228 fuerit
902 3185 1071 3227 servorum
1105 3184 1182 3246 pars
1217 3164 1251 3225 in

228 3282 367 3344 creandis
385 3281 517 3358 divitiis,
539 3301 613 3363 quae
633 3301 710 3364 pars
727 3299 850 3363 magua
867 3280 1002 3362 quidem
1022 3279 1165 3342 sednon
1186 3297 1250 3339 une

228 3397 363 3479 solaque
379 3397 457 3473 fuit3
474 3396 596 3459 liberos
608 3397 696 3458 enim
711 3395 880 3479 operarios
895 3396 999 3458 luisse
1015 3400 1157 3457 constat.
1169 3394 1252 3471 Quae

228 3518 518 3575 autemservorum
528 3511 756 3594 parssueritin
766 3512 1022 3592 circumferendis
1033 3515 1066 3572 et
1082 3511 1252 3572 tribuendis

227 3627 350 3690 divitiis
376 3627 524 3711 plerique
553 3648 619 3690 non
638 3633 776 3714 ‚curant
801 3627 957 3690 Attamen
991 3645 1063 3688 earn
1092 3645 1249 3707 magnam

227 3743 330 3806 fnisse
346 3749 488 3820 constat,
505 3742 657 3824 quamvis
672 3762 690 3804 a
708 3741 925 3824 scriptoribus
942 3761 1015 3802 raro
1030 3745 1164 3802 notetur
1179 3744 1200 3801 ¹.

260 3951 282 3996 l.
296 3949 425 4011 Exempla
446 3949 532 4009 manis
555 3947 704 4010 quaerenda
727 3952 792 3996 sunt
813 3961 845 3996 ex
863 3946 1087 4008 jurisperitorum
1114 3945 1252 4008 operibus,

228 4019 377 4080 prasertim
400 4034 432 4070 ex
449 4020 516 4072 louis
535 4019 683 4082 inquibus
705 4018 840 4080 propositi
857 4017 1065 4068 consulentibus
1084 4030 1163 4065 cesus
1183 4016 1252 4064 rele-
