3080 5034
277 580 281 590 ’
308 621 344 675 re
617 619 771 683 ouonono
788 610 860 674 'run
882 620 1011 674 suavos

310 766 374 848 lepc
396 767 499 848 Papia
528 776 620 826 aucto
643 775 716 826 suot
738 761 819 848 jura
845 778 1052 849 patronorum
1074 792 1102 842 u,
1124 767 1170 829 ait
1194 769 1330 833 Gaius¹.

310 881 439 945 Etenim
450 881 524 963 jure
536 881 695 944 Praetorio
705 881 747 944 ab
763 902 830 945 uno
845 881 912 945 filio
928 881 1034 944 filiave
1047 881 1155 945 liberti
1169 890 1333 966 patronus

309 998 443 1060 omnino
476 996 712 1061 excludebatur
742 1018 760 1060 a
794 998 1021 1072 successione;
1053 1018 1093 1061 ex
1125 998 1198 1082 lege
1228 1001 1332 1083 Papia

310 1115 453 1198 Poppaea
473 1119 510 1176 ut
528 1113 616 1176 idem
634 1113 701 1187 frat,
724 1111 829 1176 tribus
848 1113 961 1176 liberis
980 1134 1064 1196 opus
1083 1120 1132 1176 est
1152 1115 1282 1180 liberto.
1300 1118 1333 1180 Si

310 1229 393 1292 duos
409 1228 638 1293 tantummodo
653 1227 783 1304 habeat,
796 1234 955 1310 patronus
970 1229 1099 1293 tertiam
1116 1235 1242 1313 partem
1255 1208 1334 1294 con·

310 1353 478 1428 sequetur,
495 1345 523 1407 si
538 1365 642 1407 unum
655 1344 835 1407 dimidiam.

352 1461 407 1524 Sic
433 1460 515 1544 legis
544 1460 654 1543 Papiae
679 1461 831 1544 Poppaeae
864 1461 1012 1523 strictius
1039 1461 1095 1543 jus
1129 1467 1198 1524 erat
1230 1483 1331 1544 quarn

312 1577 466 1639 Praetoris
495 1582 591 1638 antea
615 1575 671 1658 jus
698 1577 819 1652 suerat,
845 1582 1068 1660 putemusque
1097 1577 1252 1640 Praetoris
1277 1579 1334 1660 jus

281 1717 283 1724 ·
311 1692 429 1755 melius
443 1693 645 1754 incremento
665 1691 766 1774 prolis
787 1691 919 1768 favisse,
936 1713 1013 1754 nam
1030 1691 1178 1768 libertus
1196 1699 1232 1755 ut
1253 1693 1334 1757 civis
1402 1737 1403 1740 κ

313 1809 482 1870 Romanus
496 1807 589 1870 fieret
607 1807 659 1888 (de
674 1827 741 1890 quo
756 1828 846 1870 nunc
862 1807 959 1870 unice
974 1807 1153 1890 loquimur)
1169 1829 1237 1870 non
1257 1815 1333 1872 ante

312 1924 520 2008 trigesimum
543 1943 667 1985 annum
693 1923 883 1986 manumitti
907 1929 1047 2005 poterat,
1074 1922 1236 2006 liberique
1263 1925 1335 2006 ejus

312 2045 388 2102 ante
403 2036 695 2100 manumissionem
712 2037 781 2100 nati
796 2057 862 2100 non
877 2037 1137 2100 numerabantur
1148 2039 1168 2090 ²-
1181 2039 1335 2100 Attamen

312 2155 454 2218 discerni
492 2161 602 2237 potest
632 2153 799 2236 quomodo
832 2173 878 2215 eae
909 2153 1153 2236 dispositiones
1186 2155 1336 2236 quamvis

312 2271 421 2333 liberti
436 2269 557 2332 liberis.
569 2269 743 2332 contrariae
763 2269 790 2330 si
811 2269 985 2352 pauciores
1004 2289 1104 2351 quam
1124 2275 1190 2331 tres
1211 2277 1332 2347 essent,

314 2386 422 2450 ordini
438 2386 539 2448 totius
554 2385 637 2468 legis
652 2405 718 2448 non
734 2385 869 2448 omnino
884 2391 1119 2468 repugnarent.

355 2501 419 2563 Sed
448 2522 488 2563 ex
512 2521 578 2564 uno
600 2501 701 2564 verbo
724 2500 829 2581 ipsius
854 2501 937 2584 legis
961 2519 1037 2563 vera
1060 2521 1172 2563 earum
1196 2501 1337 2584 disposi-

316 2617 442 2680 tionum
465 2637 566 2680 causa
589 2622 679 2700 patet
699 2637 706 2678 :
726 2642 740 2673 «
762 2627 855 2678 aucte
874 2628 945 2678 sunt
962 2617 1039 2700 jura
1055 2627 1273 2699 patronorum,
1291 2617 1338 2679 ait

315 2733 428 2812 GaiuS,
449 2734 530 2816 qnod
548 2733 590 2795 ed
611 2733 827 2815 locupletiores
849 2729 972 2794 libertos
983 2733 1120 2815 pertinet
1138 2757 1164 2809 »,
1184 2731 1281 2794 idest
1296 2733 1337 2795 ad

315 2871 371 2912 eos
382 2851 439 2933 qui
450 2849 676 2912 sestertiorum
687 2855 821 2912 centum
837 2849 977 2911 millium
992 2848 1229 2932 patrimonium
1242 2847 1340 2910 relin-

315 2965 471 3049 quebant.

357 3081 451 3146 Unde
481 3087 580 3143 tantae
611 3081 737 3144 libertis
771 3087 930 3144 venerunt
958 3079 1090 3157 divitiae,
1121 3099 1197 3142 curn
1229 3079 1339 3143 nullos

316 3197 476 3261 haberant
489 3202 611 3280 patreS,
628 3196 691 3258 nisi
706 3195 748 3258 ab
764 3196 819 3258 illo
835 3196 892 3278 qui
907 3216 964 3259 eos
980 3195 1182 3258 manumisit.
1199 3195 1339 3278 Fingere

316 3313 393 3376 lieet
407 3334 505 3376 casus
517 3313 551 3374 in
567 3312 689 3395 quibus
704 3308 842 3376 libertus
857 3312 992 3394 quidam
1007 3311 1072 3373 alio
1089 3331 1129 3373 ex
1148 3311 1240 3373 fonte
1260 3309 1339 3372 divi-

317 3429 380 3491 tias
400 3429 602 3512 acquisierit,
619 3427 676 3491 sed
697 3429 724 3491 si
742 3428 926 3512 singulares
945 3427 1170 3506 inveniuntur,
1184 3447 1251 3488 non
1269 3427 1339 3508 jam

318 3544 514 3627 intelligitur
534 3566 593 3607 cur
612 3544 652 3608 de
672 3544 724 3606 his
742 3543 794 3608 lex
816 3544 881 3607 lata
904 3540 1032 3607 suisset.
1053 3545 1106 3618 At,
1129 3543 1212 3605 forte
1235 3541 1337 3616 dieeS,

316 3658 456 3721 libertus
471 3658 542 3740 ipse
557 3658 619 3720 sibi
634 3658 766 3720 divitias
781 3657 967 3741 acquisivit.
984 3695 1023 3704 -
1042 3657 1128 3720 Sane
1143 3656 1176 3718 id
1199 3655 1268 3718 fieri
1282 3655 1339 3719 ali-

425 3883 430 3893 ·
566 3885 579 3918 e

349 3884 372 4002 l.
386 3881 589 4003 lllld’nlllladd
599 3955 681 4004 semel
699 3957 870 4004 tentaverunt
876 3952 1056 4015 jurejurando
1069 3951 1178 4013 adigere
1191 3951 1322 4000 libertum
1336 3963 1342 3998 ε

318 4036 350 4071 ne
365 4037 475 4073 texerem
492 4025 609 4087 duceret,
625 4025 672 4074 sed
686 4025 713 4074 id
731 4025 837 4088 tegibus
851 4025 1020 4088 prohibitum
1039 4027 1089 4074 est.
