3080 5034
339 649 375 702 10
758 645 941 700 PROOEMIUM

339 797 500 874 temptum
529 791 703 874 pertinere,
733 790 823 874 quod
852 797 1015 854 monstrat
1042 791 1183 854 liberum
1215 789 1380 854 laborem

338 910 409 992 ipsa
428 907 552 970 servilis
571 907 694 970 laboris
713 907 880 970 vicinitate
900 907 1012 990 aliquo
1032 907 1130 970 modo
1150 907 1378 990 inquinatum

338 1043 422 1098 esse,
439 1043 499 1086 neo
519 1023 649 1107 proprie
668 1022 709 1086 ad
730 1028 879 1086 nostrum
902 1022 1108 1107 propositum
1128 1023 1256 1085 attinet.
1283 1025 1375 1086 Haec

338 1147 449 1204 autem
477 1139 519 1203 ad
548 1160 608 1202 nos
643 1139 780 1202 omnino
808 1139 974 1223 pertinent
1006 1159 1013 1202 :
1052 1165 1066 1196 «
1099 1138 1231 1202 Sordidi
1260 1139 1372 1202 etiam

338 1257 474 1340 putandi
500 1257 557 1340 qui
586 1262 775 1318 mercantur
803 1276 822 1318 a
850 1255 1099 1332 mercatoribus
1127 1256 1216 1338 quod
1247 1257 1371 1319 statim

338 1373 492 1436 vendant.
519 1371 608 1434 Nihil
643 1371 731 1434 enim
760 1371 938 1454 proficiunt
966 1372 1029 1434 nisi
1065 1371 1244 1435 admodum
1272 1393 1372 1434 men-

339 1490 473 1552 tiantur.
491 1489 559 1550 Nec
574 1507 651 1550 vero
666 1487 849 1570 quidquam
869 1493 919 1550 est
938 1487 1068 1570 turpius
1082 1487 1263 1551 vanitate...
1281 1489 1371 1550 Mer-

339 1611 453 1668 catura
477 1609 599 1681 autem,
621 1605 648 1666 si
671 1604 780 1667 tenuis
800 1611 860 1680 est,
883 1603 1014 1666 sordida
1039 1603 1184 1688 putanda
1203 1610 1254 1666 est
1280 1625 1286 1666 :
1310 1606 1369 1666 sin

338 1741 460 1802 magna
481 1726 512 1782 et
533 1720 680 1802 copiosa,
701 1720 871 1804 multaque
895 1720 1042 1803 undique
1064 1726 1253 1804 apportans,
1279 1720 1369 1782 mul-

340 1837 447 1918 tisque
462 1836 532 1898 sine
547 1837 692 1899 vanitate
707 1837 910 1918 impartiens,
927 1857 994 1899 non
1014 1841 1065 1898 est
1083 1835 1261 1898 admodum
1277 1836 1368 1899 vitu-

339 1951 495 2036 peranda.
515 1955 624 2036 Atque
645 1953 756 2030 etiam,
776 1953 803 2014 si
828 1953 945 2016 satiata
965 1958 1108 2035 quaestu,
1130 1951 1180 2015 vel
1204 1958 1366 2015 contenta

338 2069 460 2152 potine,
478 2075 515 2131 ut
535 2090 621 2152 saepe
641 2089 680 2132 ex
702 2068 768 2130 alto
788 2069 821 2130 in
841 2074 985 2152 portum,
1003 2089 1042 2131 ex
1060 2069 1132 2149 ipso
1152 2075 1249 2151 portu
1270 2089 1305 2130 se
1327 2070 1364 2130 in

338 2207 437 2268 agros
461 2185 754 2268 possessionesque
775 2184 963 2258 contulerit,
989 2184 1121 2247 videtur
1141 2183 1216 2266 jure
1234 2185 1363 2266 optimo

338 2322 435 2384 posse
450 2301 588 2363 laudari.
607 2327 621 2358 »
639 2300 797 2382 Sequitur
813 2301 884 2384 agri
900 2301 1038 2363 culturae
1053 2300 1211 2363 laudatio,

378 2418 426 2478 Ex
437 2417 488 2478 his
498 2421 634 2498 apparet
644 2416 715 2499 agri
724 2415 887 2478 culturam
900 2417 1181 2500 negotiationibus
1192 2417 1360 2500 anteponi,

338 2531 396 2594 sed
416 2532 668 2614 negotiationes
686 2552 825 2615 magnas
841 2532 977 2608 scilicet,
994 2553 1060 2596 non
1074 2534 1149 2596 ideo
1168 2532 1360 2615 improbari,

338 2649 404 2710 imo
425 2653 540 2711 contra
560 2655 597 2711 ut
617 2649 704 2711 viam
728 2648 770 2712 ad
789 2649 895 2732 ipsam
911 2650 982 2732 agri
1003 2650 1168 2712 culturam
1184 2649 1360 2711 ducentem

337 2763 461 2826 haberi.
484 2765 552 2828 Cur
570 2765 674 2848 igitur
693 2771 891 2839 mercatura,
911 2765 938 2828 si
958 2765 1066 2827 tenuis
1083 2771 1145 2842 est,
1166 2785 1184 2827 a
1203 2765 1362 2828 Cicerone

338 2880 469 2943 sordida
498 2883 653 2964 putatur?
678 2881 775 2958 Quod
805 2901 845 2943 ex
872 2880 972 2943 verbo
997 2880 1237 2943 «mentiantur
1266 2905 1280 2935 n
1306 2880 1361 2942 hic

335 2998 403 3080 jam
425 2997 561 3070 indicat,
582 2997 616 3059 in
638 2997 735 3060 tertio
755 2999 800 3059 De
820 2997 941 3079 Officiis
959 2996 1042 3059 libro
1061 2996 1203 3080 amplius
1219 2996 1362 3079 explicat

339 3115 466 3187 Cicero,
488 3112 713 3196 exemplisque
735 3113 888 3176 illustrat.
915 3113 949 3174 Si
971 3119 1192 3176 mercaturam
1216 3112 1359 3195 quadam

338 3226 473 3290 infamia
501 3235 606 3304 notat,
635 3230 815 3292 vanitatem
851 3230 895 3312 (id
925 3236 974 3292 est
1003 3230 1222 3312 mendacium)
1255 3229 1358 3290 timet.

339 3344 435 3420 Quod
451 3351 562 3408 autem
578 3352 764 3410 mercatura
780 3347 850 3409 sine
864 3347 1008 3410 vanitate
1028 3347 1096 3410 fieri
1117 3367 1183 3410 non
1204 3345 1358 3430 potuerit,

337 3457 370 3518 id
380 3460 509 3540 partim,
519 3460 607 3523 illius
622 3462 779 3544 temporis
788 3461 937 3524 moribus
952 3461 1177 3532 tribuendum,
1192 3460 1311 3543 partim
1323 3480 1361 3522 ex

338 3572 418 3634 vitio
433 3576 577 3655 quodam
597 3578 630 3638 in
650 3577 877 3660 concipiendis
896 3577 1111 3640 oeconomicis
1131 3576 1230 3638 rebus
1245 3575 1359 3638 oritur.

379 3688 464 3750 Cum
480 3690 549 3752 sine
569 3691 758 3755 discrimine
774 3693 938 3776 improbat
956 3693 1070 3755 Cicero
1090 3713 1147 3754 eos
1168 3717 1183 3748 «
1202 3691 1260 3774 qui
1279 3710 1361 3753 mer·

339 3809 459 3866 eantur
474 3825 491 3866 a
505 3807 745 3871 mercatoribus
761 3808 848 3890 qnod
866 3809 977 3871 statim
996 3807 1184 3883 vendant»,
1205 3827 1272 3868 non
1292 3807 1362 3868 ani-

340 3919 512 3984 madvertit
538 3923 636 3986 rebus
657 3924 837 3988 vendendis
862 3925 983 4008 saepius
1007 3924 1131 4006 aliquid
1153 3923 1252 4004 adjici
1273 3925 1361 4005 quod

339 4035 380 4098 ab
401 4037 526 4160 eisqui
560 4040 775 4142 oeconomieis
802 4040 900 4103 rebus
933 4039 1068 4103 student
1100 4039 1222 4102 utititas
1251 4041 1363 4123 appel-
