3080 5034
635 1417 801 1491 CAPUT
837 1418 888 1491 lV

349 1785 400 1840 De
422 1783 598 1842 societate
613 1782 712 1840 inter
728 1783 920 1853 patronum
932 1782 1181 1853 libertumque.

298 2123 333 2186 Id
350 2123 440 2205 quod
456 2143 631 2206 operarum
647 2122 781 2186 nomine
796 2123 927 2206 patroni
937 2122 1090 2206 persequi
1103 2142 1168 2184 non
1190 2126 1282 2203 pote-

257 2244 344 2316 rant,
361 2238 394 2302 id
408 2245 458 2301 est
471 2238 657 2321 pecuniam,
672 2237 746 2302 aliis
764 2238 826 2301 viis
847 2237 909 2302 sibi
929 2257 1045 2321 parare
1061 2237 1170 2300 conati
1189 2241 1276 2299 sunt.

257 2353 321 2416 Sed
334 2353 565 2436 jurisconsulti
580 2373 710 2436 semper
723 2353 934 2418 obstiterunt.
945 2355 974 2416 N
977 2374 1020 2416 on
1029 2359 1158 2416 tantum
1170 2351 1279 2414 nimiae

256 2468 428 2552 cupiditati
440 2474 654 2552 patronorum
669 2469 740 2532 haec
755 2469 934 2552 postulatio
950 2468 1125 2533 tribuenda
1135 2473 1194 2545 est,
1207 2467 1276 2544 sed,

256 2591 293 2648 ut
312 2584 408 2647 nobis
434 2584 575 2661 videtur,
590 2604 676 2648 novo
701 2605 810 2648 rerum
835 2584 954 2662 ordini,
972 2605 1048 2648 cum
1072 2604 1196 2659 servus,
1215 2583 1277 2645 sub

255 2700 379 2763 domini
390 2701 559 2784 auspiciis
572 2701 763 2785 negotiandi
770 2701 856 2763 viam
871 2701 1041 2784 ingressus
1052 2706 1149 2777 esset,
1162 2698 1280 2762 deinde

254 2817 384 2898 peculio
396 2837 483 2900 saepe
497 2817 624 2900 ingenti
634 2808 779 2880 'donatus
792 2815 940 2899 ejusdem
956 2817 1006 2880 vel
1021 2816 1159 2880 aliarum
1179 2835 1279 2898 nego·

255 2933 430 2996 tiationum
446 2932 702 2996 exercendarum
714 2931 889 2996 facultates
904 2932 1049 2996 haberet.

295 3047 531 3111 Jurisconsulti
555 3054 665 3112 autem
683 3047 914 3136 intellexerunt
933 3048 975 3111 ad
1003 3047 1194 3131 reipublicae
1223 3067 1276 3109 sa·

256 3163 357 3226 lutam
368 3163 530 3246 pertinere
538 3162 675 3228 libertos
685 3184 752 3226 non
766 3163 851 3228 ultra
862 3163 1001 3240 onerari,
1010 3184 1062 3238 ue,
1079 3162 1121 3226 ad
1134 3163 1278 3244 inopiam

256 3278 391 3352 redacti,
402 3277 687 3360 periculofierent3
700 3279 897 3362 adipsarum
908 3279 1006 3344 etiam
1015 3277 1278 3361 negotiationum

256 3393 432 3456 utilitatem
448 3394 606 3457 interesse
626 3394 765 3458 forsitan
790 3394 953 3464 senserint
973 3399 1138 3477 quaestum
1159 3413 1199 3455 ex
1227 3392 1277 3454 his

255 3509 440 3571 detractum
456 3529 522 3572 non
539 3511 650 3572 statim
666 3531 773 3592 neque
784 3516 891 3574 totum
905 3509 946 3573 ad
961 3515 1119 3593 patronos
1129 3508 1276 3583 transire,

257 3631 294 3686 ut
308 3644 347 3687 eo
357 3623 465 3686 liberti
481 3624 522 3686 ad
537 3645 639 3698 novas
655 3631 826 3696 uterentur
840 3625 1083 3709 negotiationes
1093 3631 1125 3688 et
1139 3624 1202 3708 ipsi
1217 3644 1277 3686 sua

254 3739 396 3802 utilitate
405 3740 564 3836 stimulati
575 3760 658 3822 quas
670 3741 839 3824 gerebant,
848 3761 905 3804 eas
915 3743 1104 3805 accuratius
1112 3745 1275 3824 gererent.

295 3855 431 3917 Patroni
454 3875 532 3918 vero
559 3855 649 3940 quod
675 3857 799 3920 directe
824 3858 984 3940 consequi
1013 3877 1079 3920 non
1112 3862 1274 3940 poterant,

254 3969 388 4053 oblique
399 3970 609 4034 conabantur
622 3973 791 4055 persequi;
808 3972 898 4055 quod
913 3972 976 4036 sub
990 3973 1086 4036 titulo
1103 3989 1277 4056 operarum
