3080 5034
475 602 765 658 Nuuorlnltultruu
788 603 919 657 tollam
1170 605 1207 656 l't

221 749 296 810 Non
312 749 458 811 absimili
474 749 628 831 iungitur
642 748 753 812 ollicio
770 768 884 810 servus
898 749 956 830 qui
970 754 1108 834 vocatur
1122 770 1208 810 orco·

179 866 248 925 rius
276 885 283 926 :
316 890 332 922 «
363 865 500 928 Stichus
526 865 685 940 arcariuS,
716 864 877 946 probante
906 864 1051 938 domino,
1075 865 1209 927 nomina

181 981 260 1042 feeit
276 984 295 1043 ¹.
315 1006 330 1038 u

223 1097 337 1178 lpsum
351 1097 554 1177 nepotiotoris
569 1095 620 1158 vel
635 1097 821 1177 nepotiontis
841 1115 961 1156 nomen
976 1095 1078 1157 servis
1094 1095 1209 1158 datum

182 1210 361 1293 aliquando
377 1211 522 1274 occurrit
539 1232 546 1273 :
566 1237 580 1267 (ι
598 1211 732 1292 Legatis
752 1210 866 1279 servis,
883 1211 1018 1292 acceptis
1039 1213 1210 1292 nepotioto-

183 1329 278 1401 ribus,
308 1327 419 1389 Labeo
445 1327 587 1410 scripsit,
615 1346 672 1388 eos
694 1325 805 1409 legato
833 1332 989 1408 exceptos
1017 1325 1130 1399 videri,
1154 1327 1210 1408 qui

184 1442 352 1525 praepositi
371 1447 483 1504 essent
500 1441 626 1524 negotii
645 1440 818 1504 exercendi
839 1461 955 1516 oausa;
975 1441 1077 1503 veluti
1097 1441 1153 1522 qui
1170 1441 1210 1503 ad

185 1557 371 1632 emendum,
390 1556 581 1632 locandum,
602 1556 858 1620 conducendum
879 1557 1048 1639 praepositi
1072 1562 1208 1619 essent:

186 1673 410 1736 cubicularios
425 1679 547 1749 autem,
564 1673 615 1735 vel
631 1672 859 1746 obsonatores,
878 1673 929 1734 vel
947 1693 1016 1748 eos,
1033 1672 1090 1755 qui
1105 1673 1211 1755 pisca·
1262 1673 1264 1680 '

185 1789 315 1850 toribus
334 1788 499 1872 praepositi
519 1794 607 1886 suunt,
625 1808 691 1850 non
711 1787 813 1850 videri
828 1789 1046 1870 nepotiotiom's
1066 1788 1210 1871 appella-

186 1905 276 1966 tione
292 1904 453 1967 contineri
467 1904 489 1965 ².
513 1930 527 1960 »
548 1903 644 1987 Apud
667 1903 860 1966 Petronium
881 1903 1023 1985 denique
1042 1904 1209 1986 legimus:

188 2046 203 2078 «
234 2023 339 2102 Lycas
367 2020 576 2094 Tarentinus,
608 2019 709 2081 homo
741 2017 1053 2094 verecundissimus,
1084 2025 1116 2080 et
1146 2039 1210 2080 non

187 2143 317 2200 tantum
327 2135 428 2218 hujus
439 2135 561 2218 navigii
572 2134 739 2209 dominus,
752 2133 842 2216 quod
856 2134 952 2216 regit,
965 2132 1023 2196 sed
1032 2132 1212 2196 fundorum

187 2298 220 2347 ad
236 2298 296 2346 illos
309 2312 315 2343 :
334 2295 800 2362 Negotiamini(upupparstaaoteln
812 2308 937 2344 reversus
949 2317 959 2336 ·
972 2294 1063 2358 posuit
1078 2295 1210 2344 rationem

187 2382 248 2418 cum
270 2368 310 2417 eis
328 2394 360 2403 —
380 2373 409 2417 ut
430 2367 513 2417 sciret
535 2371 668 2428 qnantum
686 2366 803 2428 quisque
823 2366 977 2428 negotiatus
992 2370 1066 2416 esset
1080 2389 1101 2414 ι.
1115 2366 1146 2415 Ei
1160 2366 1208 2428 qui

188 2440 310 2500 quinque
318 2439 420 2488 talenta
428 2443 604 2500 acceperatet
612 2438 664 2486 alia
672 2437 795 2500 quinque
806 2438 1009 2499 superlucratus
1017 2437 1209 2487 eratdominus

189 2510 255 2560 dicit
271 2525 276 2559 :
293 2533 302 2550 «
323 2509 409 2572 Super
423 2511 508 2559 multa
526 2513 551 2558 te
567 2508 766 2558 constituam».
782 2509 813 2558 Ei
825 2509 1066 2572 autemquiunum
1080 2510 1212 2558 talentum

189 2595 250 2630 cum
265 2581 414 2642 accepisset
434 2580 503 2629 nihil
522 2581 729 2642 superlucratus
743 2583 802 2629 erat
819 2580 886 2629 dicit
903 2596 909 2628 :
929 2603 939 2620 ·
959 2580 1085 2642 Oportuit
1105 2594 1168 2642 ergo
1188 2583 1213 2628 te

189 2652 360 2701 committere
382 2651 526 2714 pecuniam
548 2664 636 2699 meam
660 2651 863 2706 nummulariis,
882 2655 910 2699 et
929 2652 1041 2700 veniens
1069 2665 1119 2712 ego
1143 2664 1214 2700 rece·

190 2723 290 2786 pissem
310 2723 406 2784 utique
426 2723 499 2784 quod
516 2735 607 2771 meum
629 2726 681 2782 est,
696 2735 758 2770 curn
778 2736 862 2770 usura
879 2743 902 2769 ».
921 2723 1036 2783 (Matth,
1050 2722 1127 2782 XXV,
1144 2724 1172 2770 14
1187 2726 1214 2770 et

191 2808 263 2856 seq.;
278 2821 309 2829 —-
327 2794 569 2853 Luc.,XlX,12et
588 2794 657 2853 seq.)
675 2792 725 2851 Qui
745 2797 810 2842 sunt
827 2806 889 2842 rere
908 2796 1017 2841 actores.
1032 2793 1113 2841 Actor
1132 2792 1212 2840 etiam

191 2865 379 2916 videturesse
399 2865 422 2914 is
442 2864 499 2927 qui,
521 2877 582 2913 curn
604 2863 733 2913 dominus
754 2864 835 2912 vellet
854 2886 864 2905 ι
883 2863 1015 2911 rationem
1035 2876 1135 2924 ponere
1152 2875 1214 2910 cum

192 2936 277 2986 servis
294 2936 392 2998 suis...‚
414 2935 531 2985 debebat
547 2934 573 2984 ei
590 2935 683 2984 decem
705 2935 792 2983 millia
808 2935 908 2983 talenta
930 2956 951 2993 ι,
972 2934 1019 2995 qui
1038 2940 1138 2994 autem,
1152 2947 1213 2981 cum

193 3007 320 3057 dominus
334 3007 456 3056 debiturn
471 3005 622 3055 dimisisset
637 3006 672 3066 ei,
690 3027 700 3045 ι
719 3005 826 3055 invenit
846 3019 929 3054 unum
946 3005 979 3054 de
995 3003 1133 3054 conservis
1148 3005 1214 3064 suis,

193 3079 239 3140 qui
254 3079 370 3128 debebat
382 3078 407 3126 ei
422 3082 532 3127 centum
543 3077 672 3126 denarios
682 3081 709 3126 et
723 3081 818 3125 tenens
834 3076 984 3126 suffocabat
996 3090 1057 3125 eum
1069 3097 1090 3123 ι,
1100 3076 1214 3137 (Matth,

193 3149 283 3206 XVlll,
303 3153 333 3200 23
349 3155 376 3198 et
395 3149 463 3211 seq.)
482 3148 557 3207 Quod
579 3153 714 3197 monstrat
734 3149 807 3196 inter
826 3161 970 3196 conservos
988 3147 1081 3196 debita
1100 3145 1215 3195 existere

195 3221 322 3282 potuisse.
336 3220 480 3269 conservus
496 3220 540 3268 ille
556 3219 655 3281 prioris
670 3220 739 3267 torte
757 3224 816 3268 erat
835 3219 951 3268 vicarius
969 3218 1122 3280 (utriusque
1139 3217 1215 3266 verbi

194 3294 320 3342 eumdem
335 3305 394 3341 esse
410 3304 519 3340 sensum
533 3303 566 3338 ex
582 3289 686 3338 Horatii
705 3303 862 3340 sermonum
876 3289 924 3338 lib.
940 3290 970 3348 11,
987 3294 1009 3350 t,
1025 3293 1054 3338 19
1070 3288 1215 3350 novimus.)

194 3362 395 3425 Dispensatoris
410 3361 500 3410 officia
515 3361 542 3410 in
562 3361 624 3410 aliis
640 3361 706 3409 loeis
725 3365 865 3421 notentur,
880 3361 1067 3422 discimusque
1082 3373 1154 3418 eum,
1168 3359 1216 3420 qui

195 3434 283 3483 fidelis
295 3433 468 3495 dispensator
485 3433 703 3493 inventusesset,
717 3433 752 3481 ad
767 3432 867 3481 actoris
880 3431 951 3480 vicos
967 3431 1109 3494 pervenire
1118 3432 1215 3480 solere.

194 3505 308 3568 (Maon,
324 3504 414 3566 XXlV,
430 3507 459 3554 ts
474 3509 501 3554 et
516 3517 587 3565 seq.;
602 3531 634 3538 -
649 3503 725 3562 Luc,
741 3503 797 3562 Xll,
812 3506 842 3552 42
857 3507 884 3552 et
899 3504 966 3566 seq.)

224 3580 246 3625 t.
263 3577 304 3636 D.,
316 3575 369 3634 XL,
386 3577 409 3636 5,
427 3579 467 3632 tt,
484 3576 497 3636 S
514 3577 552 3623 ll.
570 3601 602 3610 -
615 3574 654 3623 Gt.
674 3574 755 3622 etlam
768 3587 861 3622 casum
878 3574 1016 3622 notatione
1032 3574 1144 3635 dignum
1162 3587 1216 3636 quo

194 3661 287 3696 servus
302 3647 415 3710 quidam
433 3668 442 3687 ι
462 3650 585 3694 mutuam
604 3645 748 3707 pecuniam
767 3645 929 3694 nauticam»
949 3645 1045 3704 credit,
1059 3644 1141 3694 certis
1155 3657 1217 3694 con·

195 3717 356 3779 ditionibus,
377 3729 594 3778 conservumque
612 3715 697 3764 mittit
716 3729 778 3764 cum
798 3716 921 3764 debitore
943 3716 1144 3777 navigaturum.
1166 3717 1217 3778 (1).,

194 3789 269 3851 XLV,
283 3792 305 3851 l,
317 3787 574 3850 122,St.)—ltlultis
586 3787 614 3836 in
626 3787 693 3835 locis
702 3787 772 3835 servi
781 3786 911 3837 dicuntur
924 3787 1067 3849 scripsisse
1080 3802 1108 3837 se
1123 3810 1133 3829 «
1145 3801 1218 3837 acoe-

194 3859 265 3922 pisse
283 3859 426 3922 pecuniam
441 3880 451 3900 ·
469 3859 534 3919 21),
552 3857 640 3918 XLVl,
657 3860 680 3917 3,
697 3859 752 3916 102,
769 3859 820 3918 32,
836 3865 864 3908 et
880 3858 908 3906 in
923 3859 1033 3920 apochis
1049 3858 1219 3921 Pompeianis

196 3931 232 3992 (C.
251 3931 269 3980 l.
288 3931 327 3992 L.‚
345 3930 380 3980 IV
393 3930 540 3992 supplem,
560 3943 635 3977 num.
653 3927 695 3988 Vl,
711 3927 766 3990 XX,
780 3929 873 3991 XXlll,
887 3929 1034 3980 CXXXVlll
1052 3935 1079 3980 et
1094 3931 1171 3992 seo).

226 4006 248 4052 2.
264 4003 306 4062 D,
321 4001 425 4062 XXXII,
441 4003 482 4061 65,
499 4013 541 4062 pr.
