3080 5034
495 655 785 710 Nncormuurtrutt
808 653 939 708 nourrii
1203 656 1239 708 25

209 803 333 888 quibus
348 801 488 864 leviores
502 801 788 883 expeditioresque
807 800 966 863 carebant
984 799 1124 862 aliorum
1138 819 1240 883 popu-

208 921 318 982 lorum
334 917 452 993 animi;
470 917 518 980 sic
537 917 627 980 orbis
642 923 806 980 terrarum
822 917 1046 998 negotiatores
1058 936 1117 1000 per
1130 936 1240 979 servos

213 1036 294 1098 facti
310 1041 388 1097 sunt
404 1039 424 1096 ¹.

251 1151 347 1214 Multi
363 1150 451 1213 enim
469 1154 564 1212 erant
583 1149 667 1211 servi
687 1169 727 1211 ex
747 1148 973 1211 Orientalibus
988 1147 1120 1210 oriundi
1135 1151 1242 1230 regio·

217 1267 328 1341 nibus
350 1273 388 1328 ut
403 1265 437 1328 id
457 1265 613 1347 colligere
640 1285 821 1349 possumus
844 1285 884 1326 ex
903 1263 951 1326 eis
970 1284 1044 1346 quae
1064 1263 1241 1346 scriptores

216 1383 257 1446 de
271 1403 386 1445 eorum
401 1380 562 1464 religione
577 1381 735 1443 referunt.
755 1379 896 1458 Quibus,
914 1399 990 1442 cum
1009 1380 1117 1443 varias
1131 1380 1240 1442 novis·

213 1505 288 1561 sent
305 1497 450 1580 linguas,
466 1497 564 1559 facile
583 1501 654 1558 erat
674 1517 750 1558 cum
770 1496 870 1558 variis
889 1495 1022 1579 populis
1043 1494 1241 1558 commercia

212 1615 364 1697 jungere.
384 1613 440 1675 Sic
455 1613 626 1674 Romanus
645 1631 722 1674 cum
742 1632 810 1674 uno
830 1611 902 1693 ejus
915 1611 1053 1694 imperio
1071 1617 1120 1674 tot
1137 1618 1241 1673 terras

214 1729 385 1812 mariaque
410 1729 670 1804 continerentur,
692 1728 726 1789 in
750 1748 809 1790 sua
829 1727 901 1810 ipsa
920 1727 1045 1790 familia
1069 1748 1126 1790 eos
1152 1727 1240 1789 inve-

215 1845 331 1908 niebat
355 1845 412 1927 qui
434 1843 615 1926 cujuslibet
636 1843 765 1926 generis
786 1843 1028 1925 negotiationes
1048 1843 1185 1926 aggredi
1208 1848 1241 1906 et

216 1960 339 2024 scirent
354 1966 387 2022 et
404 1959 524 2022 vellent
534 1962 554 2020 ².

217 2111 220 2114 “
243 2108 265 2154 1.
279 2103 366 2166 Hujus
379 2103 494 2153 Romani
508 2102 620 2164 ingenii,
634 2103 667 2152 ad
688 2102 766 2152 utilia
785 2115 893 2165 semper
908 2101 1065 2163 spectantis,
1084 2101 1240 2150 testimonia

215 2181 243 2226 et
259 2176 288 2224 in
303 2177 385 2225 rehus
399 2175 482 2237 gestis
496 2177 523 2223 et
533 2174 561 2222 in
576 2174 655 2222 libris
670 2174 852 2223 inveniuntur
867 2189 874 2222 z
894 2195 904 2214 «
919 2173 1020 2233 Nostri,
1037 2177 1066 2222 ut
1080 2171 1176 2221 scribit
1192 2173 1241 2222 Pli-

212 2247 275 2296 nius
291 2245 387 2308 major,
399 2246 522 2295 omnium
538 2245 690 2294 utilitatum
706 2251 733 2295 et
744 2245 876 2294 virtutum
889 2244 1068 2306 rapacissimi.
1084 2265 1094 2284 υ
1109 2243 1239 2306 (XXV,2.)

214 2317 321 2380 CuJ'us
314 2317 420 2380 ingenii
437 2317 575 2366 fortunam
589 2316 720 2378 Virgilius
733 2316 776 2365 his
789 2315 922 2378 expressit
936 2316 1081 2366 versibus:

320 2406 469 2448 «Excudent
480 2405 520 2448 alii
533 2405 648 2460 spirantia
661 2404 753 2448 mollius
766 2416 849 2447 aera...

319 2469 354 2510 Tu
366 2479 449 2523 regere
464 2467 562 2523 imperio
575 2467 683 2523 populos,
698 2469 813 2518 Romane,
828 2472 979 2510 memento.»
991 2466 1089 2521 (AEneis
1101 2430 1142 2517 Vl
1155 2465 1213 2520 847.)

215 2549 273 2668 HEJ'
262 2548 372 2610 Jusdcm
397 2547 500 2610 ingenii
517 2553 545 2597 et
565 2551 690 2597 naturam
711 2552 739 2596 et
758 2546 934 2609 disciplinam
954 2547 1027 2596 haud
1045 2548 1129 2596 semel
1152 2546 1239 2608 pinxit

240 2620 343 2668 oratius
358 2635 364 2667 :

321 2723 331 2745 a
346 2705 424 2749 Graiis
438 2704 566 2760 ingenium,
580 2705 657 2748 Graiis
671 2705 735 2748 dedit
747 2717 787 2747 cre
802 2705 900 2747 rotundo

319 2770 390 2812 Musa
401 2768 471 2824 loqui,
485 2774 572 2823 praeter
581 2769 676 2824 laudem
689 2767 774 2810 nullius
788 2767 875 2810 avaris.

319 2831 419 2873 Romani
431 2831 498 2885 pueri
513 2830 591 2885 longis
600 2830 732 2873 rationibus
745 2841 823 2872 assem

318 2894 415 2936 Discunt
427 2893 449 2934 in
461 2898 542 2947 partos
555 2899 648 2935 centum
661 2892 779 2934 diducere.
794 2909 803 2928 »ι
819 2891 865 2946 (Ad
879 2890 982 2940 Pisones,
993 2889 1049 2943 393.)

345 2973 354 2994 u
370 2957 452 2997 Romoe
467 2954 534 2998 dulce
549 2955 588 2997 diu
603 2954 649 2997 fuit
661 2961 685 2996 et
700 2954 830 2996 solemne...

316 3020 402 3062 Cautes
414 3017 544 3060 nominibus
557 3017 628 3060 rectis
643 3017 774 3072 expendere
790 3027 904 3065 nummos,

316 3081 421 3136 Majores
433 3080 523 3130 audire,
536 3080 621 3122 minori
636 3080 715 3122 dicere
730 3091 772 3133 per
788 3091 839 3134 quae

316 3145 428 3186 Crescere
443 3153 481 3184 res
493 3148 581 3196 posset.
597 3159 606 3179 n
621 3141 716 3196 (Epist,
730 3141 793 3192 11,1‚
808 3141 864 3195 103.)

343 3221 353 3242 α
367 3206 386 3247 Ο
401 3204 474 3255 cives,
485 3205 559 3255 cives,
575 3204 699 3260 quaerenda
713 3203 814 3259 pecunia
828 3204 929 3258 primum
944 3207 999 3244 est:

316 3267 396 3309 Virtus
406 3272 458 3322 post
473 3278 588 3310 nummos.
605 3267 686 3308 »Haec
701 3267 775 3308 tanus
789 3277 893 3308 summus
905 3263 935 3308 ab
950 3263 995 3306 imo

319 3329 449 3380 Prodocet;
462 3329 513 3372 haec
523 3329 631 3371 recinunt
641 3328 743 3383 iuvenes
753 3328 842 3370 dictata
853 3339 977 3382 senesque,

319 3391 389 3434 Laevo
402 3391 510 3448 suspensi
523 3391 612 3434 loculos
626 3390 777 3445 tabulamque
792 3391 916 3433 lacerto...

321 3483 362 3496 .....
375 3456 436 3496 Rem
447 3453 531 3504 facias,
543 3465 600 3504 rem,

322 3516 346 3558 Si
358 3516 441 3570 possis,
455 3521 532 3568 rect03
549 3516 633 3566 sinon,
646 3527 792 3570 quocumque
804 3513 939 3556 madorem.
955 3530 964 3551 i
980 3511 1076 3568 (Epist,
1089 3513 1107 3564 Ι,
1120 3513 1138 3562 1,
1149 3511 1192 3565 53.)

241 3596 321 3660 Apud
336 3596 511 3646 Plutarchum
526 3595 554 3645 in
570 3595 744 3646 vitaCatonis
756 3594 869 3657 majoris
879 3593 966 3657 (XXI),
975 3593 1075 3643 adrem
1087 3593 1237 3654 augendaei

212 3667 363 3718 studiosius
378 3667 487 3727 intenti,
501 3680 593 3716 veram
611 3680 741 3729 agnosces
759 3665 873 3715 Romani
886 3665 962 3714 illius
978 3664 1081 3726 ingenii
1096 3668 1198 3713 notam.

242 3742 266 3788 2.
336 3765 346 3786 α
360 3747 467 3790 Vendere
482 3759 535 3790 cum
547 3747 624 3802 possis
637 3747 765 3802 captivum,
781 3746 887 3788 occidere
901 3744 965 3787 noli:

330 3810 423 3853 Serviet
434 3810 532 3853 utiliter.
547 3809 601 3852 Sine
614 3815 698 3865 pascat
711 3809 782 3851 durus
794 3814 903 3862 aretque;

330 3871 434 3926 Naviget
446 3882 474 3914 ac
486 3871 570 3913 mediis
582 3870 670 3912 hiemet
681 3875 798 3912 mercator
814 3869 837 3910 in
849 3869 927 3920 undis;

330 3934 433 3976 Annonae
448 3933 535 3988 prosit;
548 3938 627 3988 portet
640 3932 759 3975 frumenta
773 3943 899 3986 penusque.
914 3948 924 3969 »

870 3993 964 4050 (Epist,
978 3995 996 4044 Ι,
1012 3994 1045 4044 16,
1060 3993 1104 4048 69.)

243 4057 307 4108 Cato
327 4058 423 4122 major,
445 4063 475 4108 ut
493 4057 573 4108 docet
589 4057 752 4107 Plutarchus
772 4056 856 4119 (Cato,
877 4056 954 4119 XXI),
976 4069 1068 4105 servos
1089 4056 1189 4104 multos
1204 4053 1237 4103 de
