<?xml version="1.0" encoding="UTF-8"?>
<!DOCTYPE html PUBLIC "-//W3C//DTD XHTML 1.0 Transitional//EN"
    "http://www.w3.org/TR/xhtml1/DTD/xhtml1-transitional.dtd">
<html xmlns="http://www.w3.org/1999/xhtml" xml:lang="en" lang="en">
 <head>
  <title>
</title>
<meta http-equiv="Content-Type" content="text/html;charset=utf-8" />
  <meta name='ocr-system' content='tesseract 3.04.00' />
  <meta name='ocr-capabilities' content='ocr_page ocr_carea ocr_par ocr_line ocrx_word'/>
</head>
<body>
  <div class='ocr_page' id='page_1' title='image "./quomodoperservo00juglgoog_0044.png"; bbox 0 0 3080 5034; ppageno 0'>
   <div class='ocr_carea' id='block_1_1' title="bbox 310 556 1021 620">
    <p class='ocr_par' dir='ltr' id='par_1_1' title="bbox 310 556 1021 620">
     <span class='ocr_line' id='line_1_1' title="bbox 310 556 1021 620; baseline 0.003 -10"><span class='ocrx_word' id='word_1_1' title='bbox 310 558 345 610; x_wconf 78' lang='lat'>34</span> <span class='ocrx_word' id='word_1_2' title='bbox 628 556 782 620; x_wconf 79' lang='lat' dir='ltr'>QUOMODO</span> <span class='ocrx_word' id='word_1_3' title='bbox 805 556 870 610; x_wconf 82' lang='lat' dir='ltr'>Pllll</span> <span class='ocrx_word' id='word_1_4' title='bbox 892 557 1021 612; x_wconf 79' lang='lat' dir='ltr'>SERVOS</span> 
     </span>
    </p>
   </div>
   <div class='ocr_carea' id='block_1_2' title="bbox 302 701 1330 2061">
    <p class='ocr_par' dir='ltr' id='par_1_2' title="bbox 303 701 1330 1820">
     <span class='ocr_line' id='line_1_2' title="bbox 307 701 1330 786; baseline 0.002 -21"><span class='ocrx_word' id='word_1_5' title='bbox 307 723 342 766; x_wconf 88' lang='lat' dir='ltr'>se</span> <span class='ocrx_word' id='word_1_6' title='bbox 365 703 474 786; x_wconf 87' lang='lat' dir='ltr'>ipsum</span> <span class='ocrx_word' id='word_1_7' title='bbox 496 701 754 785; x_wconf 75' lang='lat' dir='ltr'>negotiationem</span> <span class='ocrx_word' id='word_1_8' title='bbox 779 721 945 764; x_wconf 88' lang='lat' dir='ltr'>exercere.</span> <span class='ocrx_word' id='word_1_9' title='bbox 969 701 1020 764; x_wconf 84' lang='lat' dir='ltr'>Ab</span> <span class='ocrx_word' id='word_1_10' title='bbox 1042 703 1193 766; x_wconf 86' lang='lat' dir='ltr'>institere</span> <span class='ocrx_word' id='word_1_11' title='bbox 1218 710 1330 767; x_wconf 88' lang='lat' dir='ltr'>autem</span> 
     </span>
     <span class='ocr_line' id='line_1_3' title="bbox 307 817 1330 901; baseline 0.003 -21"><span class='ocrx_word' id='word_1_12' title='bbox 307 819 391 880; x_wconf 91' lang='lat' dir='ltr'>servi</span> <span class='ocrx_word' id='word_1_13' title='bbox 415 818 545 901; x_wconf 88' lang='lat' dir='ltr'>peculio</span> <span class='ocrx_word' id='word_1_14' title='bbox 563 817 766 900; x_wconf 74' lang='lat' dir='ltr'>negotiantis</span> <span class='ocrx_word' id='word_1_15' title='bbox 786 837 852 879; x_wconf 92' lang='lat' dir='ltr'>non</span> <span class='ocrx_word' id='word_1_16' title='bbox 873 817 1029 880; x_wconf 91' lang='lat' dir='ltr'>dominus</span> <span class='ocrx_word' id='word_1_17' title='bbox 1051 818 1086 880; x_wconf 93' lang='lat' dir='ltr'>in</span> <span class='ocrx_word' id='word_1_18' title='bbox 1109 819 1251 881; x_wconf 92' lang='lat' dir='ltr'>solidum</span> <span class='ocrx_word' id='word_1_19' title='bbox 1272 821 1330 883; x_wconf 91' lang='lat' dir='ltr'>sed</span> 
     </span>
     <span class='ocr_line' id='line_1_4' title="bbox 308 932 1329 1016; baseline 0.003 -21"><span class='ocrx_word' id='word_1_20' title='bbox 308 933 536 996; x_wconf 89' lang='lat' dir='ltr'>tantummodo</span> <span class='ocrx_word' id='word_1_21' title='bbox 552 932 593 996; x_wconf 94' lang='lat' dir='ltr'>ad</span> <span class='ocrx_word' id='word_1_22' title='bbox 609 932 729 1015; x_wconf 88' lang='lat' dir='ltr'>peculii</span> <span class='ocrx_word' id='word_1_23' title='bbox 749 933 847 995; x_wconf 86' lang='lat' dir='ltr'>finem</span> <span class='ocrx_word' id='word_1_24' title='bbox 869 933 1059 1016; x_wconf 90' lang='lat' dir='ltr'>obligatur:</span> <span class='ocrx_word' id='word_1_25' title='bbox 1080 934 1209 996; x_wconf 86' lang='lat' dir='ltr'>«Parvi</span> <span class='ocrx_word' id='word_1_26' title='bbox 1230 937 1329 998; x_wconf 81' lang='lat' dir='ltr'>refert</span> 
     </span>
     <span class='ocr_line' id='line_1_5' title="bbox 307 1049 1325 1132; baseline -0.002 -20"><span class='ocrx_word' id='word_1_27' title='bbox 307 1049 474 1132; x_wconf 83' lang='lat' dir='ltr'>cumipse</span> <span class='ocrx_word' id='word_1_28' title='bbox 495 1069 589 1112; x_wconf 83' lang='lat' dir='ltr'>servo</span> <span class='ocrx_word' id='word_1_29' title='bbox 614 1049 841 1125; x_wconf 88' lang='lat' dir='ltr'>contrahatur,</span> <span class='ocrx_word' id='word_1_30' title='bbox 857 1069 899 1111; x_wconf 88' lang='lat' dir='ltr'>an</span> <span class='ocrx_word' id='word_1_31' title='bbox 919 1069 996 1112; x_wconf 85' lang='lat' dir='ltr'>cunr</span> <span class='ocrx_word' id='word_1_32' title='bbox 1016 1049 1165 1113; x_wconf 87' lang='lat' dir='ltr'>institore</span> <span class='ocrx_word' id='word_1_33' title='bbox 1185 1051 1289 1132; x_wconf 86' lang='lat' dir='ltr'>ejus¹.</span> <span class='ocrx_word' id='word_1_34' title='bbox 1310 1078 1325 1110; x_wconf 89' lang='lat'>»</span> 
     </span>
     <span class='ocr_line' id='line_1_6' title="bbox 308 1164 1328 1248; baseline 0.003 -21"><span class='ocrx_word' id='word_1_35' title='bbox 308 1165 363 1227; x_wconf 90' lang='lat' dir='ltr'>Sic</span> <span class='ocrx_word' id='word_1_36' title='bbox 382 1184 475 1228; x_wconf 88' lang='lat' dir='ltr'>servo</span> <span class='ocrx_word' id='word_1_37' title='bbox 496 1165 572 1227; x_wconf 87' lang='lat' dir='ltr'>licet</span> <span class='ocrx_word' id='word_1_38' title='bbox 591 1164 850 1247; x_wconf 82' lang='lat' dir='ltr'>negotiationem</span> <span class='ocrx_word' id='word_1_39' title='bbox 872 1164 1044 1242; x_wconf 85' lang='lat' dir='ltr'>instruere,</span> <span class='ocrx_word' id='word_1_40' title='bbox 1066 1186 1153 1248; x_wconf 88' lang='lat' dir='ltr'>saepe</span> <span class='ocrx_word' id='word_1_41' title='bbox 1173 1166 1328 1230; x_wconf 88' lang='lat' dir='ltr'>dominus</span> 
     </span>
     <span class='ocr_line' id='line_1_7' title="bbox 305 1279 1326 1364; baseline 0.004 -22"><span class='ocrx_word' id='word_1_42' title='bbox 305 1282 375 1364; x_wconf 91' lang='lat' dir='ltr'>ipse</span> <span class='ocrx_word' id='word_1_43' title='bbox 392 1282 477 1344; x_wconf 87' lang='lat' dir='ltr'>hanc</span> <span class='ocrx_word' id='word_1_44' title='bbox 494 1281 590 1363; x_wconf 87' lang='lat' dir='ltr'>jubet</span> <span class='ocrx_word' id='word_1_45' title='bbox 613 1281 742 1356; x_wconf 82' lang='lat' dir='ltr'>instrui,</span> <span class='ocrx_word' id='word_1_46' title='bbox 765 1279 798 1341; x_wconf 91' lang='lat' dir='ltr'>in</span> <span class='ocrx_word' id='word_1_47' title='bbox 814 1279 982 1343; x_wconf 91' lang='lat' dir='ltr'>nonnullis</span> <span class='ocrx_word' id='word_1_48' title='bbox 997 1282 1130 1344; x_wconf 87' lang='lat' dir='ltr'>casibus</span> <span class='ocrx_word' id='word_1_49' title='bbox 1150 1304 1225 1345; x_wconf 92' lang='lat' dir='ltr'>eum</span> <span class='ocrx_word' id='word_1_50' title='bbox 1246 1305 1326 1346; x_wconf 91' lang='lat' dir='ltr'>con-</span> 
     </span>
     <span class='ocr_line' id='line_1_8' title="bbox 305 1395 1323 1482; baseline 0.001 -21"><span class='ocrx_word' id='word_1_51' title='bbox 305 1399 436 1472; x_wconf 77' lang='lat' dir='ltr'>sentire,</span> <span class='ocrx_word' id='word_1_52' title='bbox 458 1398 491 1459; x_wconf 91' lang='lat' dir='ltr'>in</span> <span class='ocrx_word' id='word_1_53' title='bbox 514 1396 714 1479; x_wconf 89' lang='lat' dir='ltr'>quibusdam</span> <span class='ocrx_word' id='word_1_54' title='bbox 736 1395 835 1458; x_wconf 91' lang='lat' dir='ltr'>etiam</span> <span class='ocrx_word' id='word_1_55' title='bbox 857 1416 932 1458; x_wconf 87' lang='lat' dir='ltr'>eum</span> <span class='ocrx_word' id='word_1_56' title='bbox 955 1397 1023 1480; x_wconf 92' lang='lat' dir='ltr'>pati</span> <span class='ocrx_word' id='word_1_57' title='bbox 1048 1398 1128 1461; x_wconf 87' lang='lat' dir='ltr'>satis</span> <span class='ocrx_word' id='word_1_58' title='bbox 1152 1405 1212 1474; x_wconf 87' lang='lat' dir='ltr'>est,</span> <span class='ocrx_word' id='word_1_59' title='bbox 1234 1401 1323 1482; x_wconf 90' lang='lat' dir='ltr'>quod</span> 
     </span>
     <span class='ocr_line' id='line_1_9' title="bbox 306 1513 1326 1598; baseline 0.001 -20"><span class='ocrx_word' id='word_1_60' title='bbox 306 1515 466 1598; x_wconf 89' lang='lat' dir='ltr'>Ulpianus</span> <span class='ocrx_word' id='word_1_61' title='bbox 488 1513 656 1596; x_wconf 81' lang='lat' dir='ltr'>eleganter</span> <span class='ocrx_word' id='word_1_62' title='bbox 674 1515 844 1596; x_wconf 87' lang='lat' dir='ltr'>expressit,</span> <span class='ocrx_word' id='word_1_63' title='bbox 868 1535 943 1577; x_wconf 88' lang='lat' dir='ltr'>curn</span> <span class='ocrx_word' id='word_1_64' title='bbox 969 1515 1050 1577; x_wconf 88' lang='lat' dir='ltr'>dixit</span> <span class='ocrx_word' id='word_1_65' title='bbox 1074 1515 1195 1597; x_wconf 90' lang='lat' dir='ltr'>requiri</span> <span class='ocrx_word' id='word_1_66' title='bbox 1220 1541 1235 1573; x_wconf 90' lang='lat'>«</span> <span class='ocrx_word' id='word_1_67' title='bbox 1259 1537 1326 1578; x_wconf 91' lang='lat' dir='ltr'>non</span> 
     </span>
     <span class='ocr_line' id='line_1_10' title="bbox 303 1629 1325 1714; baseline 0.002 -22"><span class='ocrx_word' id='word_1_68' title='bbox 303 1631 517 1704; x_wconf 77' lang='lat' dir='ltr'>voluntatem,</span> <span class='ocrx_word' id='word_1_69' title='bbox 542 1629 598 1691; x_wconf 91' lang='lat' dir='ltr'>sed</span> <span class='ocrx_word' id='word_1_70' title='bbox 625 1629 849 1712; x_wconf 85' lang='lat' dir='ltr'>patientiam:</span> <span class='ocrx_word' id='word_1_71' title='bbox 875 1651 941 1694; x_wconf 92' lang='lat' dir='ltr'>non</span> <span class='ocrx_word' id='word_1_72' title='bbox 968 1631 1068 1704; x_wconf 85' lang='lat' dir='ltr'>enirn,</span> <span class='ocrx_word' id='word_1_73' title='bbox 1093 1631 1212 1714; x_wconf 78' lang='lat' dir='ltr'>inquit,</span> <span class='ocrx_word' id='word_1_74' title='bbox 1242 1632 1325 1694; x_wconf 89' lang='lat' dir='ltr'>velle</span> 
     </span>
     <span class='ocr_line' id='line_1_11' title="bbox 303 1744 909 1820; baseline -0.003 -11"><span class='ocrx_word' id='word_1_75' title='bbox 303 1746 400 1809; x_wconf 86' lang='lat' dir='ltr'>debet</span> <span class='ocrx_word' id='word_1_76' title='bbox 415 1745 583 1820; x_wconf 76' lang='lat' dir='ltr'>dominus,</span> <span class='ocrx_word' id='word_1_77' title='bbox 598 1744 656 1807; x_wconf 88' lang='lat' dir='ltr'>sed</span> <span class='ocrx_word' id='word_1_78' title='bbox 671 1765 738 1807; x_wconf 89' lang='lat' dir='ltr'>non</span> <span class='ocrx_word' id='word_1_79' title='bbox 754 1745 863 1808; x_wconf 70' lang='lat' dir='ltr'>nolle2</span> <span class='ocrx_word' id='word_1_80' title='bbox 881 1774 909 1807; x_wconf 84' lang='lat'>».</span> 
     </span>
    </p>

    <p class='ocr_par' dir='ltr' id='par_1_3' title="bbox 302 1860 1325 2061">
     <span class='ocr_line' id='line_1_12' title="bbox 343 1860 1325 1944; baseline 0.001 -20"><span class='ocrx_word' id='word_1_81' title='bbox 343 1863 380 1924; x_wconf 89' lang='lat' dir='ltr'>ln</span> <span class='ocrx_word' id='word_1_82' title='bbox 393 1861 523 1924; x_wconf 89' lang='lat' dir='ltr'>actione</span> <span class='ocrx_word' id='word_1_83' title='bbox 538 1860 579 1922; x_wconf 93' lang='lat' dir='ltr'>de</span> <span class='ocrx_word' id='word_1_84' title='bbox 592 1860 722 1944; x_wconf 88' lang='lat' dir='ltr'>peculio</span> <span class='ocrx_word' id='word_1_85' title='bbox 737 1861 771 1924; x_wconf 97' lang='lat' dir='ltr'>id</span> <span class='ocrx_word' id='word_1_86' title='bbox 786 1861 875 1944; x_wconf 93' lang='lat' dir='ltr'>quod</span> <span class='ocrx_word' id='word_1_87' title='bbox 891 1882 1017 1924; x_wconf 86' lang='lat' dir='ltr'>aservo</span> <span class='ocrx_word' id='word_1_88' title='bbox 1033 1861 1167 1924; x_wconf 91' lang='lat' dir='ltr'>domino</span> <span class='ocrx_word' id='word_1_89' title='bbox 1186 1862 1325 1925; x_wconf 89' lang='lat' dir='ltr'>debetur</span> 
     </span>
     <span class='ocr_line' id='line_1_13' title="bbox 302 1977 1321 2061; baseline 0.002 -21"><span class='ocrx_word' id='word_1_90' title='bbox 302 1978 447 2061; x_wconf 89' lang='lat' dir='ltr'>qualibet</span> <span class='ocrx_word' id='word_1_91' title='bbox 463 1999 502 2040; x_wconf 93' lang='lat' dir='ltr'>ex</span> <span class='ocrx_word' id='word_1_92' title='bbox 522 1998 623 2040; x_wconf 90' lang='lat' dir='ltr'>causa</span> <span class='ocrx_word' id='word_1_93' title='bbox 643 1977 683 2040; x_wconf 93' lang='lat' dir='ltr'>de</span> <span class='ocrx_word' id='word_1_94' title='bbox 703 1977 832 2061; x_wconf 86' lang='lat' dir='ltr'>peculio</span> <span class='ocrx_word' id='word_1_95' title='bbox 852 1978 994 2060; x_wconf 90' lang='lat' dir='ltr'>primum</span> <span class='ocrx_word' id='word_1_96' title='bbox 1015 1978 1244 2042; x_wconf 88' lang='lat' dir='ltr'>deducendum</span> <span class='ocrx_word' id='word_1_97' title='bbox 1260 1986 1321 2058; x_wconf 89' lang='lat' dir='ltr'>est,</span> 
     </span>
    </p>
   </div>
   <div class='ocr_carea' id='block_1_3' title="bbox 302 2076 1321 2178">
    <p class='ocr_par' dir='ltr' id='par_1_4' title="bbox 302 2076 1321 2178">
     <span class='ocr_line' id='line_1_14' title="bbox 302 2076 1321 2178; baseline 0.002 -22"><span class='ocrx_word' id='word_1_98' title='bbox 302 2101 334 2156; x_wconf 89' lang='lat' dir='ltr'>et</span> <span class='ocrx_word' id='word_1_99' title='bbox 348 2095 376 2158; x_wconf 93' lang='lat' dir='ltr'>is</span> <span class='ocrx_word' id='word_1_100' title='bbox 389 2076 444 2177; x_wconf 67' lang='lat' dir='ltr'>dui</span> <span class='ocrx_word' id='word_1_101' title='bbox 460 2094 500 2156; x_wconf 93' lang='lat' dir='ltr'>de</span> <span class='ocrx_word' id='word_1_102' title='bbox 514 2094 645 2176; x_wconf 92' lang='lat' dir='ltr'>peculio</span> <span class='ocrx_word' id='word_1_103' title='bbox 661 2093 728 2176; x_wconf 89' lang='lat' dir='ltr'>agit</span> <span class='ocrx_word' id='word_1_104' title='bbox 744 2115 810 2156; x_wconf 91' lang='lat' dir='ltr'>non</span> <span class='ocrx_word' id='word_1_105' title='bbox 826 2091 969 2177; x_wconf 87' lang='lat' dir='ltr'>amplius</span> <span class='ocrx_word' id='word_1_106' title='bbox 983 2101 1207 2177; x_wconf 81' lang='lat' dir='ltr'>consequetur</span> <span class='ocrx_word' id='word_1_107' title='bbox 1221 2117 1321 2178; x_wconf 87' lang='lat' dir='ltr'>quam</span> 
     </span>
    </p>
   </div>
   <div class='ocr_carea' id='block_1_4' title="bbox 211 2209 1341 3797">
    <p class='ocr_par' dir='ltr' id='par_1_5' title="bbox 302 2209 744 2292">
     <span class='ocr_line' id='line_1_15' title="bbox 302 2209 744 2292; baseline -0.005 -20"><span class='ocrx_word' id='word_1_108' title='bbox 302 2210 421 2291; x_wconf 92' lang='lat' dir='ltr'>quode</span> <span class='ocrx_word' id='word_1_109' title='bbox 436 2209 567 2292; x_wconf 86' lang='lat' dir='ltr'>peculio</span> <span class='ocrx_word' id='word_1_110' title='bbox 583 2215 744 2292; x_wconf 88' lang='lat' dir='ltr'>superest.</span> 
     </span>
    </p>

    <p class='ocr_par' dir='ltr' id='par_1_6' title="bbox 211 2323 1341 2872">
     <span class='ocr_line' id='line_1_16' title="bbox 342 2323 1320 2407; baseline 0.005 -21"><span class='ocrx_word' id='word_1_111' title='bbox 342 2327 415 2386; x_wconf 87' lang='lat' dir='ltr'>Non</span> <span class='ocrx_word' id='word_1_112' title='bbox 440 2345 477 2386; x_wconf 91' lang='lat' dir='ltr'>ea</span> <span class='ocrx_word' id='word_1_113' title='bbox 507 2330 578 2385; x_wconf 90' lang='lat' dir='ltr'>erat</span> <span class='ocrx_word' id='word_1_114' title='bbox 604 2323 750 2386; x_wconf 90' lang='lat' dir='ltr'>conditio</span> <span class='ocrx_word' id='word_1_115' title='bbox 777 2345 851 2406; x_wconf 90' lang='lat' dir='ltr'>quae</span> <span class='ocrx_word' id='word_1_116' title='bbox 878 2325 1158 2407; x_wconf 85' lang='lat' dir='ltr'>negotiationibus</span> <span class='ocrx_word' id='word_1_117' title='bbox 1185 2327 1320 2392; x_wconf 88' lang='lat' dir='ltr'>faveret.</span> 
     </span>
     <span class='ocr_line' id='line_1_17' title="bbox 302 2439 1341 2525; baseline 0.004 -22"><span class='ocrx_word' id='word_1_118' title='bbox 302 2442 376 2503; x_wconf 91' lang='lat' dir='ltr'>Non</span> <span class='ocrx_word' id='word_1_119' title='bbox 396 2440 482 2502; x_wconf 88' lang='lat' dir='ltr'>enim</span> <span class='ocrx_word' id='word_1_120' title='bbox 498 2439 671 2502; x_wconf 81' lang='lat' dir='ltr'>manifeste</span> <span class='ocrx_word' id='word_1_121' title='bbox 691 2447 827 2523; x_wconf 86' lang='lat' dir='ltr'>apparet</span> <span class='ocrx_word' id='word_1_122' title='bbox 847 2441 926 2522; x_wconf 90' lang='lat' dir='ltr'>quid</span> <span class='ocrx_word' id='word_1_123' title='bbox 947 2448 1207 2525; x_wconf 88' lang='lat' dir='ltr'>quantumquea</span> <span class='ocrx_word' id='word_1_124' title='bbox 1228 2465 1341 2507; x_wconf 88' lang='lat' dir='ltr'>servo·</span> 
     </span>
     <span class='ocr_line' id='line_1_18' title="bbox 211 2545 1321 2642; baseline 0.004 -24"><span class='ocrx_word' id='word_1_125' title='bbox 211 2545 214 2552; x_wconf 28' lang='lat' dir='ltr'><em>s</em></span> <span class='ocrx_word' id='word_1_126' title='bbox 301 2556 435 2618; x_wconf 91' lang='lat' dir='ltr'>domino</span> <span class='ocrx_word' id='word_1_127' title='bbox 446 2555 620 2631; x_wconf 88' lang='lat' dir='ltr'>debeatur;</span> <span class='ocrx_word' id='word_1_128' title='bbox 631 2555 754 2638; x_wconf 81' lang='lat' dir='ltr'>quique</span> <span class='ocrx_word' id='word_1_129' title='bbox 769 2577 845 2618; x_wconf 89' lang='lat' dir='ltr'>cum</span> <span class='ocrx_word' id='word_1_130' title='bbox 861 2577 955 2619; x_wconf 87' lang='lat' dir='ltr'>servo</span> <span class='ocrx_word' id='word_1_131' title='bbox 970 2563 1204 2621; x_wconf 88' lang='lat' dir='ltr'>contraxerunt</span> <span class='ocrx_word' id='word_1_132' title='bbox 1214 2559 1321 2642; x_wconf 86' lang='lat' dir='ltr'>decipi</span> 
     </span>
     <span class='ocr_line' id='line_1_19' title="bbox 301 2671 1321 2756; baseline 0.003 -21"><span class='ocrx_word' id='word_1_133' title='bbox 301 2678 450 2756; x_wconf 88' lang='lat' dir='ltr'>possunt.</span> <span class='ocrx_word' id='word_1_134' title='bbox 474 2672 589 2754; x_wconf 87' lang='lat' dir='ltr'>ltaque</span> <span class='ocrx_word' id='word_1_135' title='bbox 609 2671 862 2734; x_wconf 87' lang='lat' dir='ltr'>existimandum</span> <span class='ocrx_word' id='word_1_136' title='bbox 883 2673 1020 2736; x_wconf 90' lang='lat' dir='ltr'>estsine</span> <span class='ocrx_word' id='word_1_137' title='bbox 1040 2674 1169 2736; x_wconf 89' lang='lat' dir='ltr'>actione</span> <span class='ocrx_word' id='word_1_138' title='bbox 1190 2696 1321 2738; x_wconf 89' lang='lat' dir='ltr'>servum</span> 
     </span>
     <span class='ocr_line' id='line_1_20' title="bbox 302 2787 1318 2872; baseline 0.002 -21"><span class='ocrx_word' id='word_1_139' title='bbox 302 2794 418 2872; x_wconf 90' lang='lat' dir='ltr'>sponte</span> <span class='ocrx_word' id='word_1_140' title='bbox 433 2809 470 2850; x_wconf 90' lang='lat' dir='ltr'>ea</span> <span class='ocrx_word' id='word_1_141' title='bbox 486 2789 623 2850; x_wconf 89' lang='lat' dir='ltr'>solvisse</span> <span class='ocrx_word' id='word_1_142' title='bbox 639 2787 748 2850; x_wconf 89' lang='lat' dir='ltr'>debita</span> <span class='ocrx_word' id='word_1_143' title='bbox 760 2809 834 2870; x_wconf 86' lang='lat' dir='ltr'>quae</span> <span class='ocrx_word' id='word_1_144' title='bbox 845 2809 884 2850; x_wconf 92' lang='lat' dir='ltr'>ex</span> <span class='ocrx_word' id='word_1_145' title='bbox 895 2789 1120 2872; x_wconf 89' lang='lat' dir='ltr'>negotiatione</span> <span class='ocrx_word' id='word_1_146' title='bbox 1132 2796 1202 2852; x_wconf 93' lang='lat' dir='ltr'>orta</span> <span class='ocrx_word' id='word_1_147' title='bbox 1214 2797 1318 2853; x_wconf 88' lang='lat' dir='ltr'>erant.</span> 
     </span>
    </p>

    <p class='ocr_par' dir='ltr' id='par_1_7' title="bbox 299 2903 1320 3797">
     <span class='ocr_line' id='line_1_21' title="bbox 342 2903 1317 2986; baseline 0.003 -20"><span class='ocrx_word' id='word_1_148' title='bbox 342 2903 1317 2986; x_wconf 85' lang='lat' dir='ltr'>ltaseremhabuissedumfloreretncgotiatio‚nihilmirum;</span> 
     </span>
     <span class='ocr_line' id='line_1_22' title="bbox 301 3020 1319 3102; baseline 0.003 -20"><span class='ocrx_word' id='word_1_149' title='bbox 301 3021 380 3102; x_wconf 92' lang='lat' dir='ltr'>quid</span> <span class='ocrx_word' id='word_1_150' title='bbox 401 3027 510 3082; x_wconf 89' lang='lat' dir='ltr'>autern</span> <span class='ocrx_word' id='word_1_151' title='bbox 530 3020 631 3082; x_wconf 91' lang='lat' dir='ltr'>fiebat</span> <span class='ocrx_word' id='word_1_152' title='bbox 650 3040 726 3082; x_wconf 89' lang='lat' dir='ltr'>curn</span> <span class='ocrx_word' id='word_1_153' title='bbox 747 3020 930 3102; x_wconf 87' lang='lat' dir='ltr'>negotianti</span> <span class='ocrx_word' id='word_1_154' title='bbox 951 3041 1045 3083; x_wconf 84' lang='lat' dir='ltr'>servo</span> <span class='ocrx_word' id='word_1_155' title='bbox 1067 3041 1119 3084; x_wconf 89' lang='lat' dir='ltr'>res</span> <span class='ocrx_word' id='word_1_156' title='bbox 1138 3022 1223 3084; x_wconf 91' lang='lat' dir='ltr'>male</span> <span class='ocrx_word' id='word_1_157' title='bbox 1245 3043 1319 3085; x_wconf 90' lang='lat' dir='ltr'>suc-</span> 
     </span>
     <span class='ocr_line' id='line_1_23' title="bbox 301 3134 1318 3218; baseline 0.001 -18"><span class='ocrx_word' id='word_1_158' title='bbox 301 3136 476 3200; x_wconf 85' lang='lat' dir='ltr'>cessisset?</span> <span class='ocrx_word' id='word_1_159' title='bbox 489 3134 577 3213; x_wconf 80' lang='lat' dir='ltr'>Quid</span> <span class='ocrx_word' id='word_1_160' title='bbox 593 3141 663 3197; x_wconf 90' lang='lat' dir='ltr'>tum</span> <span class='ocrx_word' id='word_1_161' title='bbox 673 3134 766 3197; x_wconf 89' lang='lat' dir='ltr'>lieret</span> <span class='ocrx_word' id='word_1_162' title='bbox 775 3141 812 3196; x_wconf 94' lang='lat' dir='ltr'>ut</span> <span class='ocrx_word' id='word_1_163' title='bbox 822 3135 1057 3218; x_wconf 69' lang='lat' dir='ltr'>intelligamus</span> <span class='ocrx_word' id='word_1_164' title='bbox 1069 3137 1318 3202; x_wconf 88' lang='lat' dir='ltr'>memorandum</span> 
     </span>
     <span class='ocr_line' id='line_1_24' title="bbox 300 3251 1318 3336; baseline 0.002 -22"><span class='ocrx_word' id='word_1_165' title='bbox 300 3259 350 3314; x_wconf 92' lang='lat' dir='ltr'>est</span> <span class='ocrx_word' id='word_1_166' title='bbox 369 3273 498 3314; x_wconf 90' lang='lat' dir='ltr'>servum</span> <span class='ocrx_word' id='word_1_167' title='bbox 523 3251 580 3334; x_wconf 92' lang='lat' dir='ltr'>qui</span> <span class='ocrx_word' id='word_1_168' title='bbox 599 3272 657 3334; x_wconf 91' lang='lat' dir='ltr'>per</span> <span class='ocrx_word' id='word_1_169' title='bbox 679 3251 846 3334; x_wconf 89' lang='lat' dir='ltr'>peculium</span> <span class='ocrx_word' id='word_1_170' title='bbox 871 3252 1104 3335; x_wconf 85' lang='lat' dir='ltr'>negotiabatur</span> <span class='ocrx_word' id='word_1_171' title='bbox 1124 3253 1318 3336; x_wconf 88' lang='lat' dir='ltr'>plerumque</span> 
     </span>
     <span class='ocr_line' id='line_1_25' title="bbox 300 3366 1319 3450; baseline 0.003 -22"><span class='ocrx_word' id='word_1_172' title='bbox 300 3388 366 3430; x_wconf 93' lang='lat' dir='ltr'>non</span> <span class='ocrx_word' id='word_1_173' title='bbox 380 3367 531 3449; x_wconf 90' lang='lat' dir='ltr'>ingentes</span> <span class='ocrx_word' id='word_1_174' title='bbox 550 3366 791 3450; x_wconf 87' lang='lat' dir='ltr'>negotiationes</span> <span class='ocrx_word' id='word_1_175' title='bbox 806 3387 969 3442; x_wconf 88' lang='lat' dir='ltr'>exercere,</span> <span class='ocrx_word' id='word_1_176' title='bbox 986 3387 1059 3449; x_wconf 84' lang='lat' dir='ltr'>quae</span> <span class='ocrx_word' id='word_1_177' title='bbox 1075 3388 1093 3429; x_wconf 88' lang='lat' dir='ltr'>a</span> <span class='ocrx_word' id='word_1_178' title='bbox 1109 3369 1211 3430; x_wconf 89' lang='lat' dir='ltr'>servis</span> <span class='ocrx_word' id='word_1_179' title='bbox 1226 3370 1319 3432; x_wconf 91' lang='lat' dir='ltr'>insti-</span> 
     </span>
     <span class='ocr_line' id='line_1_26' title="bbox 300 3482 1318 3566; baseline 0.003 -22"><span class='ocrx_word' id='word_1_180' title='bbox 300 3482 427 3544; x_wconf 88' lang='lat' dir='ltr'>toribus</span> <span class='ocrx_word' id='word_1_181' title='bbox 455 3483 565 3565; x_wconf 89' lang='lat' dir='ltr'>potius</span> <span class='ocrx_word' id='word_1_182' title='bbox 595 3482 842 3545; x_wconf 89' lang='lat' dir='ltr'>exercebantur.</span> <span class='ocrx_word' id='word_1_183' title='bbox 869 3482 963 3545; x_wconf 89' lang='lat' dir='ltr'>Adde</span> <span class='ocrx_word' id='word_1_184' title='bbox 989 3483 1078 3565; x_wconf 89' lang='lat' dir='ltr'>quod</span> <span class='ocrx_word' id='word_1_185' title='bbox 1105 3484 1139 3545; x_wconf 93' lang='lat' dir='ltr'>in</span> <span class='ocrx_word' id='word_1_186' title='bbox 1172 3485 1318 3566; x_wconf 87' lang='lat' dir='ltr'>antiquis</span> 
     </span>
     <span class='ocr_line' id='line_1_27' title="bbox 300 3597 1320 3684; baseline 0.005 -26"><span class='ocrx_word' id='word_1_187' title='bbox 300 3597 489 3660; x_wconf 87' lang='lat' dir='ltr'>civitatibus</span> <span class='ocrx_word' id='word_1_188' title='bbox 500 3599 588 3660; x_wconf 89' lang='lat' dir='ltr'>cives</span> <span class='ocrx_word' id='word_1_189' title='bbox 604 3598 721 3660; x_wconf 88' lang='lat' dir='ltr'>ceteris</span> <span class='ocrx_word' id='word_1_190' title='bbox 734 3598 861 3661; x_wconf 87' lang='lat' dir='ltr'>civibus</span> <span class='ocrx_word' id='word_1_191' title='bbox 877 3599 983 3682; x_wconf 87' lang='lat' dir='ltr'>magis</span> <span class='ocrx_word' id='word_1_192' title='bbox 998 3601 1068 3661; x_wconf 88' lang='lat' dir='ltr'>noti</span> <span class='ocrx_word' id='word_1_193' title='bbox 1083 3606 1186 3677; x_wconf 85' lang='lat' dir='ltr'>erant,</span> <span class='ocrx_word' id='word_1_194' title='bbox 1200 3601 1320 3684; x_wconf 90' lang='lat' dir='ltr'>magis-</span> 
     </span>
     <span class='ocr_line' id='line_1_28' title="bbox 299 3713 1317 3797; baseline 0.004 -23"><span class='ocrx_word' id='word_1_195' title='bbox 299 3718 471 3796; x_wconf 88' lang='lat' dir='ltr'>tratusque</span> <span class='ocrx_word' id='word_1_196' title='bbox 486 3714 520 3775; x_wconf 90' lang='lat' dir='ltr'>in</span> <span class='ocrx_word' id='word_1_197' title='bbox 535 3714 670 3797; x_wconf 84' lang='lat' dir='ltr'>privatis</span> <span class='ocrx_word' id='word_1_198' title='bbox 683 3713 783 3776; x_wconf 89' lang='lat' dir='ltr'>rebus</span> <span class='ocrx_word' id='word_1_199' title='bbox 798 3714 918 3797; x_wconf 87' lang='lat' dir='ltr'>saepius</span> <span class='ocrx_word' id='word_1_200' title='bbox 938 3715 1135 3778; x_wconf 86' lang='lat' dir='ltr'>intervenire</span> <span class='ocrx_word' id='word_1_201' title='bbox 1157 3716 1317 3779; x_wconf 90' lang='lat' dir='ltr'>solebant.</span> 
     </span>
    </p>
   </div>
   <div class='ocr_carea' id='block_1_5' title="bbox 329 3893 636 4026">
    <p class='ocr_par' dir='ltr' id='par_1_8' title="bbox 329 3893 636 4026">
     <span class='ocr_line' id='line_1_29' title="bbox 329 3893 636 3955; baseline 0.007 -15"><span class='ocrx_word' id='word_1_202' title='bbox 329 3895 351 3941; x_wconf 76' lang='lat' dir='ltr'>r.</span> <span class='ocrx_word' id='word_1_203' title='bbox 365 3893 406 3952; x_wconf 84' lang='lat' dir='ltr'>n,</span> <span class='ocrx_word' id='word_1_204' title='bbox 424 3893 490 3954; x_wconf 88' lang='lat' dir='ltr'>xrv,</span> <span class='ocrx_word' id='word_1_205' title='bbox 506 3897 529 3952; x_wconf 78' lang='lat' dir='ltr'>a,</span> <span class='ocrx_word' id='word_1_206' title='bbox 546 3897 569 3954; x_wconf 83' lang='lat'>5,</span> <span class='ocrx_word' id='word_1_207' title='bbox 585 3895 598 3955; x_wconf 76' lang='lat'><strong>3</strong></span> <span class='ocrx_word' id='word_1_208' title='bbox 613 3897 636 3942; x_wconf 83' lang='lat' dir='ltr'>a.</span> 
     </span>
     <span class='ocr_line' id='line_1_30' title="bbox 330 3964 623 4026; baseline 0.003 -15"><span class='ocrx_word' id='word_1_209' title='bbox 330 3966 352 4011; x_wconf 85' lang='lat'>2.</span> <span class='ocrx_word' id='word_1_210' title='bbox 369 3964 523 4026; x_wconf 79' lang='lat' dir='ltr'>u.,x1v‚4‚</span> <span class='ocrx_word' id='word_1_211' title='bbox 539 3968 562 4026; x_wconf 81' lang='lat' dir='ltr'>r,</span> <span class='ocrx_word' id='word_1_212' title='bbox 575 3966 588 4026; x_wconf 76' lang='lat'><strong>3</strong></span> <span class='ocrx_word' id='word_1_213' title='bbox 600 3966 623 4012; x_wconf 81' lang='lat' dir='ltr'>a.</span> 
     </span>
    </p>
   </div>
   <div class='ocr_carea' id='block_1_6' title="bbox 0 0 1544 5034">
    <p class='ocr_par' dir='ltr' id='par_1_9' title="bbox 0 0 1544 5034">
     <span class='ocr_line' id='line_1_31' title="bbox 0 0 1544 5034; baseline 0 3"><span class='ocrx_word' id='word_1_214' title='bbox 0 0 1544 5034; x_wconf 95' lang='lat' dir='ltr'> </span> 
     </span>
    </p>
   </div>
  </div>
 </body>
</html>
