3080 5034
272 635 310 692 68
580 633 738 699 QUOMODO
759 633 825 687 Pllll
846 631 977 685 suavos

271 783 443 844 missionem
458 781 491 843 id
506 779 648 842 didicerit
667 792 677 838 .·
689 779 775 862 qnod
787 779 815 838 si
828 777 999 859 artificium
1009 796 1146 840 exercerc
1160 777 1295 854 desierit,

273 898 349 960 tales
362 917 472 980 operas
494 895 583 958 edere
596 895 724 969 debebit,
742 915 811 977 quoe
828 913 889 955 non
906 902 1013 954 contra
1030 894 1211 975 dignitatern
1230 896 1297 976 ejus

271 1014 388 1095 suerint
410 1037 420 1071 :
440 1011 535 1074 veluti
556 1020 591 1072 ut
611 1031 679 1072 cum
698 1020 832 1091 patrono
852 1017 997 1083 moretur,
1010 1027 1141 1091 perepre
1151 1009 1296 1092 proficis-

272 1140 371 1206 catur,
388 1127 545 1210 nepotinm
564 1128 632 1208 ejus
649 1136 787 1189 exerceat
799 1127 821 1188 ¹.
838 1150 853 1182 »

314 1246 359 1307 Ex
379 1243 452 1306 aliis
472 1242 668 1326 fragmentis
685 1240 856 1303 notatione
873 1239 1088 1322 dignissimis,
1102 1241 1130 1303 si
1148 1241 1190 1303 ad
1205 1261 1294 1304 oeco-

271 1361 436 1423 nomicam
468 1364 600 1442 spectas
627 1357 818 1430 historIam,
849 1355 1008 1420 discimus
1035 1362 1192 1440 patronos
1220 1377 1293 1420 eam

270 1476 396 1540 libertis
413 1475 520 1556 legem
540 1474 708 1557 imponere
727 1478 865 1535 conatos
885 1491 958 1535 esse
979 1492 1021 1534 ne
1037 1473 1071 1534 in
1088 1471 1204 1536 eodem
1218 1472 1293 1536 loco

270 1591 530 1675 negotiarentur.
552 1591 621 1652 Nec
642 1588 777 1664 mirum,
794 1587 821 1650 si
835 1588 1023 1652 memineris
1037 1587 1192 1650 libertum
1207 1608 1293 1672 saepe

270 1727 371 1789 quam
400 1725 513 1768 servus
539 1709 731 1768 exercuerat
751 1703 1011 1786 negotiationem
1035 1703 1184 1766 eamdem
1205 1723 1294 1766 exer-

270 1843 353 1885 cere.
377 1822 544 1883 Patronus
563 1819 650 1882 enim
670 1825 819 1883 metuere
839 1824 987 1902 proterat
1008 1839 1049 1881 ne
1068 1839 1108 1882 ex
1126 1819 1293 1882 vicinitate

269 1937 471 2020 negotiantis
491 1935 599 1998 liberti
622 1934 782 2008 damnum
804 1934 867 1996 sibi
887 1941 1081 2017 emergeret,
1103 1941 1162 1997 aut
1182 1936 1292 2018 potius

269 2054 398 2116 lucrum
415 2058 570 2129 cessaret,
586 2072 663 2114 cum
678 2050 748 2134 ipse
758 2055 817 2114 aut
826 2070 885 2134 per
896 2071 931 2113 se
943 2057 1002 2114 aut
1016 2071 1074 2134 per
1085 2050 1168 2113 alios
1181 2067 1292 2115 servos

269 2168 417 2231 eamdem
431 2167 692 2250 negotiationem
704 2172 871 2231 exerceret
883 2185 891 2228 :
905 2191 920 2222 α
932 2166 1049 2228 Liberti
1059 2167 1191 2228 homines
1200 2187 1292 2250 nepo-

269 2285 397 2345 tintione
414 2284 501 2344 licito
515 2283 673 2365 prohiberi
692 2282 865 2364 opotronis
881 2303 941 2343 non
955 2282 1095 2345 debent².
1113 2319 1153 2328 -
1169 2281 1289 2357 Quaero,

268 2420 308 2460 nn
323 2399 449 2460 libertus
459 2397 622 2480 prohiberi
635 2407 735 2479 potest
751 2419 770 2458 a
781 2409 929 2481 patrono,
946 2397 1096 2459 incudem
1111 2399 1242 2475 colonio,
1258 2401 1290 2460 in

268 2534 329 2596 qua
350 2516 416 2596 ipse
428 2513 617 2595 negotiatur,
633 2511 714 2574 idern
728 2534 824 2595 penus
842 2514 959 2596 nepotii
974 2515 1137 2575 exercere?
1151 2514 1290 2577 Scaevola

267 2628 437 2711 respondit,
460 2649 522 2689 non
539 2648 631 2710 posse
651 2628 845 2711 probiberi³.
866 2663 905 2675 -
926 2629 1068 2691 Libertus
1090 2631 1291 2712 nepotintoris

267 2745 403 2806 oestinrii
431 2766 471 2805 arr
501 2745 635 2806 cumdem
666 2746 908 2827 negotiationem
931 2746 962 2806 in
991 2746 1094 2808 eodeni
1117 2749 1240 2808 civitate
1262 2758 1291 2809 et

266 2860 368 2922 eodem
395 2860 472 2934 loco,
500 2861 597 2922 invito
627 2870 773 2942 patrono,
800 2880 939 2922 emersere
957 2863 1078 2943 possit?
1108 2861 1289 2945 Respondit,

267 2976 346 3036 nibil
354 2977 504 3058 proponi,
522 2996 578 3037 cur
591 2996 653 3037 non
664 2977 765 3059 possit
774 2979 796 3037 ⁸.
815 3002 830 3032 »

308 3090 465 3172 Sequitur
486 3089 575 3152 illam
600 3110 701 3172 quam
722 3111 812 3152 nunc
831 3089 975 3154 dicimus
996 3094 1185 3154 oeconomicae
1212 3113 1290 3156 corn-

262 3208 425 3288 petitionis
437 3206 654 3288 quaestionem
664 3206 734 3288 jam
750 3207 921 3290 antiquam
935 3228 1017 3285 esse,
1035 3208 1184 3292 miraque
1192 3209 1289 3292 juris-

266 3321 494 3384 consultorum
523 3320 738 3404 intelligentia
755 3321 802 3385 ita
823 3319 966 3386 solutam
995 3343 1067 3387 esse
1091 3330 1128 3387 ut
1146 3325 1289 3390 libertati

266 3437 407 3498 maxime
423 3437 584 3499 faverent.
597 3438 753 3500 Attamen
770 3438 955 3502 notandum
970 3445 1020 3502 est
1035 3440 1188 3504 eumdem
1204 3443 1290 3505 Scae·

266 3551 371 3613 volam
385 3553 419 3613 in
436 3551 553 3615 ultimo
570 3553 673 3616 relato
683 3551 757 3616 loco
771 3553 957 3618 addidisse:
976 3582 990 3613 «
1005 3555 1042 3619 Si
1056 3557 1176 3618 nullom
1193 3558 1291 3619 laesio-

266 3687 334 3730 nem
350 3688 386 3730 en
404 3669 458 3730 leoc
476 3671 585 3731 sentiet
595 3677 763 3752 patronus.
781 3695 796 3728 s
816 3669 904 3749 Quid
919 3671 971 3734 his
987 3672 1095 3738 verbis
1110 3671 1290 3756 significari

297 3822 320 3868 r.
335 3819 376 3880 n,
394 3819 531 3882 runnu,
544 3822 566 3881 r,
582 3825 621 3884 ss,
636 3821 687 3884 si.

295 3892 318 3938 r.
331 3891 373 3953 n,
391 3891 516 3953 xxxvii,
532 3896 570 3953 n,
585 3897 609 3942 n.
621 3894 660 3944 cr.
676 3892 757 3944 enam
773 3895 815 3956 n,
830 3895 955 3958 xxxvii,
970 3899 1008 3958 m,
1022 3900 1061 3947 n.

295 3963 318 4010 s.
334 3961 375 4022 n,
392 3962 516 4022 xxxvn
535 3967 573 4025 n,
587 3967 625 4014 rs.

295 4033 527 4095 t.1).,xxxvl11‚
544 4039 566 4096 r,
583 4037 622 4086 ts.
