3080 5034
345 613 382 670 80
656 611 810 677 QUOMODO
834 612 898 666 Pllll
919 613 1049 669 suavos

343 760 476 822 nomine
495 765 611 823 sancta
630 758 706 836 tuit,
720 757 810 820 hand
830 757 931 821 semel
951 763 1064 821 autem
1084 759 1370 842 a'jurisconsultis

342 876 518 960 prohibita.
544 874 704 958 Ejusdem
731 874 891 937 inlocum
921 875 1085 938 successit
1112 875 1168 939 illa
1197 878 1367 942 secietatis

341 992 448 1054 torma
463 1011 537 1073 quae
550 990 584 1053 in
598 989 706 1052 liberti
727 989 941 1052 successione
956 991 1188 1054 tantummodo
1208 993 1367 1058 ellectum

342 1102 496 1179 habebat,
517 1102 575 1165 sed
594 1101 712 1185 prioris
731 1101 932 1164 societatis«
952 1101 1132 1185 imaginem
1150 1129 1177 1178 s,
1194 1110 1233 1166 ut
1251 1105 1369 1170 dicunt

338 1217 580 1302 jurisconsulti,
597 1218 696 1280 etiarn
711 1216 883 1280 retinebat.
900 1217 982 1295 Quae
998 1217 1132 1300 quidem
1147 1239 1223 1283 cum
1238 1220 1272 1282 in
1288 1241 1367 1284 suc·

341 1335 490 1398 cessione
506 1333 685 1416 cujuslibet
699 1332 819 1407 liberti,
834 1331 902 1396 sive
918 1339 1034 1416 gratus
1045 1334 1107 1396 suit
1118 1335 1186 1398 sive
1201 1336 1363 1419 ingratus,

341 1455 480 1532 recepta
496 1450 551 1526 sit,
572 1449 653 1512 satis
680 1453 814 1512 constat
840 1448 930 1511 illam
952 1449 1144 1512 societatem
1171 1471 1255 1532 quae,
1285 1451 1363 1514 dum

339 1565 470 1629 vivebat
484 1565 632 1642 libertus
643 1584 754 1648 poenae
769 1564 903 1629 nomine
918 1566 1149 1629 tantummodo
1164 1586 1183 1629 a
1197 1567 1365 1631 nonnullis

339 1688 471 1764 recepta
484 1687 566 1758 erat,
583 1701 696 1744 revera
710 1700 776 1742 non
794 1700 902 1764 poenae
921 1701 1033 1757 causa,
1052 1679 1109 1744 sed
1129 1683 1364 1765 negotiationis

338 1798 461 1862 factam
477 1797 590 1872 tuisse,
607 1795 755 1879 illudque
769 1816 890 1858 nomen
906 1809 1011 1880 poenae
1023 1796 1205 1861 subtilitate
1220 1799 1363 1881 quadam

338 1913 509 1976 inventum
522 1933 594 1976 esse
607 1918 644 1976 ut
659 1912 689 1975 ei
708 1911 773 1995 legi
787 1911 936 1975 fraudem
952 1913 1101 1975 facerent
1115 1933 1189 1995 quae
1209 1914 1364 1978 obstabat

338 2030 517 2113 quominus
551 2049 570 2092 a
601 2028 726 2092 libertis
762 2027 902 2112 pecunia
928 2027 1130 2111 exigeretur,
1157 2029 1220 2093 nisi
1254 2049 1360 2112 poenae

338 2146 481 2208 nomine.

375 2262 429 2338 At,
446 2261 532 2324 dicet
550 2261 682 2344 aliquis,
704 2280 775 2335 cur,
796 2280 897 2342 qnam
920 2259 994 2322 vivo
1015 2260 1145 2336 liberto,
1167 2261 1253 2344 exigi
1274 2269 1362 2325 veta·

337 2375 417 2439 bant
432 2375 619 2458 pecuniam,
637 2375 753 2438 eodem
773 2381 915 2450 mortue,
933 2376 1075 2439 obtineri
1095 2377 1247 2440 sinebant
1258 2377 1360 2460 juris·
1441 2369 1447 2378 ⁰

337 2491 502 2555 consulti?
515 2491 775 2554 -Libertorum
790 2491 925 2554 utilitati
941 2492 1033 2555 etita
1049 2492 1239 2576 reipublicae
1259 2493 1357 2576 cujus
1461 2522 1465 2530 ·

335 2607 442 2670 liberti
458 2627 580 2691 magna
599 2627 676 2691 pars
695 2613 789 2670 erant
803 2627 860 2670 eos
880 2607 1088 2678 consuluisse
1107 2629 1174 2671 non
1194 2609 1359 2681 immerito

335 2723 503 2800 crederes3
522 2729 603 2806 puto
622 2723 774 2806 equidem
794 2743 862 2800 eos,
881 2741 959 2785 cum
979 2723 1127 2806 patronis
1148 2723 1357 2802 obsisterent,

335 2840 468 2903 utilitati
484 2839 746 2922 negotiationum
761 2845 863 2921 atque
873 2839 972 2902 etiam
983 2838 1130 2921 ipsorum
1143 2845 1359 2922 patronorum

334 2977 400 3019 non
425 2956 534 3018 minus
554 2955 732 3018 studuisse.
747 2955 853 3018 Etiam
875 2953 983 3017 liberti
999 2953 1054 3017 cui
1075 2953 1170 3016 liberi
1185 2960 1263 3018 sunt
1282 2975 1359 3038 pars

333 3071 556 3135 successionis
585 3076 726 3152 patrono
754 3069 903 3144 debetur,
935 3089 1002 3132 non
1026 3069 1220 3133 libertorum
1249 3071 1356 3154 gratia

332 3186 446 3270 igitur,
462 3206 570 3269 neque
585 3207 700 3249 eorum
715 3185 907 3263 liberorum,
920 3205 1027 3268 neque
1043 3185 1234 3268 reipublicae
1249 3205 1357 3270 usque

333 3301 374 3364 ad
392 3301 500 3364 liberti
516 3305 655 3364 mortem
671 3301 800 3384 patroni
812 3300 889 3383 jura
904 3300 1151 3378 differebantur,
1168 3301 1226 3364 sed
1247 3299 1355 3384 magis

332 3417 566 3500 negotiationis
595 3417 714 3500 gratia,
736 3437 776 3479 ne
805 3418 963 3499 temporis
989 3415 1165 3498 impatiens
1194 3421 1356 3499 patronus

332 3534 441 3595 statim
456 3539 487 3596 et
503 3531 598 3615 quasi
610 3532 797 3596 minutatim
809 3533 934 3596 facturn
952 3552 991 3595 ex
1008 3531 1233 3614 negotiatione
1250 3552 1356 3614 quaes-

331 3653 402 3711 tum
418 3649 557 3731 eriperet
575 3647 706 3724 liberto,
723 3654 823 3731 atque
838 3649 883 3711 ita
898 3647 1072 3730 impediret
1088 3649 1267 3730 quominus
1279 3646 1353 3731 ipso

332 3764 1235 3847 quaestuutereturutampliuslucrumconsequeretur‚
1246 3781 1357 3847 neque·

331 3895 460 3961 semper
487 3879 532 3941 ita
560 3878 677 3942 liberto
710 3877 894 3942 immineret
926 3884 962 3941 ut
987 3878 1207 3962 negotiationi
1229 3877 1359 3941 immis⁴

332 4000 472 4068 caretur,
495 3993 708 4077 secundaque
733 3994 806 4077 ejus
830 3993 1024 4057 abuteretur
1049 3994 1195 4069 fortuna,
1215 3991 1354 4058 adversa
