3080 5034
263 622 300 674 54
573 623 728 687 QUOMODO
751 625 817 680 Putt
839 625 969 678 SERVOS

265 767 357 830 ribus
373 768 482 843 rebus,
500 769 736 852 negotiationis
751 777 810 835 aut
828 771 1059 846 instrumenta,
1076 775 1135 834 aut
1150 769 1289 853 reliqua,

263 888 322 946 aut
348 883 474 965 aliquid
506 884 590 947 lucri
617 906 705 969 saepe
734 887 933 968 permixtum
958 885 1074 963 tuisse,
1109 891 1153 963 et,
1178 891 1215 948 ut
1243 886 1289 948 ita

264 998 384 1073 dicam,
399 999 427 1061 ei
444 1019 538 1062 servo
554 1021 654 1063 unam
670 1021 780 1065 arcam
801 1007 871 1065 tum
893 1001 1079 1076 dominicis,
1097 1007 1167 1064 tum
1189 1020 1289 1083 pecu·

265 1114 404 1176 liaribus
420 1116 570 1198 pecuniis
585 1116 699 1180 tuisse.

305 1230 351 1292 Ea
373 1251 451 1293 vero
475 1231 652 1313 peculiaris
672 1232 912 1316 dominicaque
931 1233 1081 1315 pecuniae
1101 1227 1286 1315 permixtio,

265 1346 430 1409 rationum
453 1346 694 1411 reddendarum
719 1354 866 1432 tempore
888 1348 1065 1431 benignius
1089 1347 1286 1424 severiusve,

264 1468 364 1544 prout
371 1462 473 1544 jussit
489 1467 636 1536 testator,
649 1463 747 1525 tinem
759 1463 881 1548 accipit
893 1488 900 1528 :
913 1463 1080 1547 peculium
1095 1463 1290 1546 plerumque

266 1577 349 1639 servi
365 1577 402 1639 tit
417 1582 450 1640 et
463 1577 643 1659 aliquando
657 1598 735 1661 pars
749 1579 901 1662 quaedam
917 1599 958 1642 ex
969 1579 1192 1662 negotiatione
1205 1585 1288 1656 orta,

265 1711 339 1775 quae
361 1693 495 1756 domino
515 1700 609 1776 gesta
625 1701 685 1771 est,
703 1715 780 1758 cum
795 1715 834 1759 eo
854 1715 955 1780 penes
976 1715 1104 1758 servum
1128 1701 1286 1758 remanet.

306 1928 371 1990 Sed
413 1929 466 1990 vix
500 1929 750 2012 intelligeretur,
785 1935 822 1992 ut
857 1930 926 2013 jam
957 1928 1156 2003 notavimus
1197 1933 1288 1991 tanta

265 2044 389 2107 domini
414 2044 562 2128 largitas.
595 2045 768 2108 Peculium
797 2044 1014 2128 negotiationi
1042 2064 1228 2108 connexum
1257 2049 1289 2106 et

265 2162 360 2243 quasi
390 2168 506 2245 aptum
535 2162 676 2225 dicimus
713 2161 828 2238 fuisse,
862 2162 1003 2244 ideoque
1035 2161 1116 2224 satis
1151 2160 1285 2244 grande.

265 2277 402 2339 Peculio
432 2277 576 2340 donatus
611 2277 749 2340 libertus
787 2275 892 2339 cidem
925 2273 1141 2359 negotiationi
1174 2257 1299 2338 curam

265 2391 356 2454 dabit
387 2398 419 2453 et
445 2392 521 2454 inde
544 2391 670 2454 reditus
693 2392 890 2475 fructusque
913 2391 1020 2474 capiet
1046 2411 1189 2475 quorum
1218 2391 1288 2474 ipse

265 2506 420 2569 dominus
438 2511 539 2589 atque
558 2527 634 2590 pars
654 2507 806 2590 quaedam
828 2506 985 2569 dominici
1006 2506 1194 2589 patrimonii
1214 2506 1289 2568 fons

265 2622 393 2706 primus
409 2623 530 2686 suerat.
551 2624 595 2686 Ut
614 2622 729 2686 eadem
752 2621 967 2684 similitudine
986 2628 1119 2684 utamur
1138 2642 1203 2705 qua
1219 2622 1288 2704 jam

266 2739 318 2801 usi
332 2759 448 2801 sumus
474 2759 481 2802 ι
503 2739 657 2802 dominus
674 2739 708 2801 in
728 2759 800 2802 eam
825 2738 1017 2801 societatem
1037 2745 1171 2812 sortem,
1188 2737 1221 2800 id
1239 2744 1289 2799 est

266 2854 452 2938 pecuniam,
489 2854 653 2938 praestitit,
684 2875 799 2918 servus
831 2861 943 2918 autem
971 2873 1119 2937 operam;
1149 2853 1288 2916 durante

265 2971 435 3042 servitute,
452 2969 607 3032 dominus
622 2976 654 3032 et
670 2971 768 3034 sortis
783 2976 816 3032 et
834 2990 942 3054 operae
957 2969 1081 3033 reditus
1094 2972 1289 3050 tractusque

267 3086 365 3169 capit,
381 3105 419 3148 eo
435 3092 573 3168 excepto
589 3085 677 3168 quod
698 3105 813 3148 servus
832 3085 979 3149 detinere
1003 3091 1123 3169 potest,
1140 3090 1176 3148 ut
1197 3089 1287 3147 retu-

266 3199 375 3264 limus.
392 3202 466 3263 Non
483 3221 520 3263 ea
536 3207 645 3262 tamen
661 3206 712 3263 est
726 3200 793 3263 veri
812 3201 955 3263 nominis
975 3201 1116 3264 societas
1137 3220 1144 3262 :
1167 3220 1185 3263 a
1203 3199 1287 3262 servi

266 3317 354 3380 enim
369 3322 462 3399 parte
482 3315 657 3389 claudicat,
679 3336 756 3378 cum
778 3315 862 3378 lucri
887 3336 954 3378 non
975 3315 1016 3378 sit
1036 3315 1214 3400 particepS,
1230 3314 1288 3376 sed

266 3431 448 3494 notandum
465 3437 513 3493 est
530 3451 606 3492 eum
621 3430 708 3494 bona
729 3431 879 3514 gestione
895 3431 1081 3495 libertatem
1101 3430 1287 3514 acquirere;

267 3547 472 3609 manumisso
496 3566 600 3620 servo,
626 3546 823 3630 peculioque
847 3547 877 3610 ei
901 3547 990 3622 dato,
1011 3567 1100 3610 nunc
1124 3567 1143 3608 a
1163 3544 1286 3609 domini

265 3667 356 3745 parte
369 3661 537 3725 claudicat
554 3662 708 3739 societas,
727 3683 842 3726 omues
861 3658 947 3726 enim
972 3662 1097 3726 reditus
1115 3663 1286 3724 fructusve

263 3776 371 3840 liberti
384 3783 473 3855 sunt,
497 3798 573 3841 cum
591 3779 827 3862 negotiationis
846 3798 918 3842 sors
937 3784 1079 3861 pars-est
1100 3799 1141 3841 ex
1158 3777 1283 3841 domini

262 3893 461 3978 patrimonio
476 3893 634 3957 abscissa.

302 4010 400 4072 Nunc
415 4029 493 4072 vero
508 4010 629 4092 quibus
645 4010 705 4073 viis
721 4030 816 4093 aequa
831 4010 929 4074 nimis
938 4009 1056 4074 liberto
1066 4009 1121 4072 illa
1136 4008 1282 4073 conditio
