3080 5034
452 630 742 686 Nlllltl'l'lAllllN’l'Ull
765 630 897 684 nonant
1150 635 1191 691 -83

171 783 316 862 possent,
332 777 403 861 ipse
416 797 485 840 suae
499 777 565 861 legi
580 777 779 840 contradixit
793 783 826 840 et
839 777 942 840 Gaius
952 798 1054 861 quam
1068 799 1191 865 anceps

171 894 270 957 luerit
284 894 365 956 satis
379 893 505 989 indicat
519 914 595 956 cum
611 893 725 956 scribit
740 915 748 956 :
766 918 781 951 α
798 895 889 975 Lepta
900 894 1003 958 Jnniae
1018 896 1110 972 lator,
1120 919 1189 959 enm
1229 915 1231 922 ·

170 1010 964 1093 intelleperetfuturumnteafietioneresLatinornm
972 1012 1188 1114 defunctorum

171 1128 211 1188 nd
232 1138 387 1210 patronos
407 1128 566 1210 pertinere
586 1126 771 1202 desinerent,
793 1127 867 1208 qnia
888 1127 1007 1188 seilicet
1031 1149 1128 1210 neque
1156 1141 1191 1192 nt

170 1245 249 1304 serui
278 1243 469 1317 decederent,
485 1253 521 1304 nt
546 1254 673 1326 possent
695 1244 772 1324 jure
790 1242 910 1326 peculii
938 1263 986 1306 res
1018 1264 1123 1306 eornm
1151 1247 1193 1308 ad

170 1371 319 1441 patronos
329 1361 500 1443 pertinere,
513 1381 611 1441 neqne
627 1360 732 1421 liberti
751 1361 861 1422 Latini
879 1359 1010 1422 bominis
1028 1359 1107 1422 dono
1117 1381 1192 1444 pos·

170 1487 233 1538 sent
246 1476 500 1538 manumissionis
506 1475 634 1560 jnre'ad
643 1486 797 1558 patronos
808 1477 974 1558 pertinere,
987 1478 1191 1538 necesaminm

170 1594 371 1668 existimavit,
390 1613 429 1654 ne
447 1593 628 1675 berreficinm
645 1593 714 1654 istis
728 1593 837 1654 datam
856 1593 889 1653 in
906 1594 1059 1676 injuriam
1076 1604 1190 1677 patro·

170 1729 281 1770 norom
298 1719 536 1787 converteretur,
552 1708 771 1771 covere'volnit
790 1719 823 1770 nt
844 1709 924 1770 bona
943 1729 1046 1771 eornm
1057 1711 1190 1792 proinde

171 1825 211 1886 ad
239 1827 476 1887 marrnmnsorer
501 1827 706 1908 pertinerent,
737 1846 773 1886 ac
797 1827 824 1886 si
847 1825 897 1886 ter
926 1826 991 1886 lata
1014 1847 1075 1887 non
1101 1837 1189 1887 esset.

170 1941 281 2024 ltaque
287 1938 364 2024 jure
371 1941 600 2024 ,quodammodo
607 1941 728 2023 peculii
743 1941 822 2002 bona
831 1942 1015 2002 Latinorum
1028 1942 1072 2002 ad
1083 1963 1193 2002 mann·

171 2058 311 2118 missores
322 2077 358 2118 ea
372 2057 437 2139 lepe
447 2059 606 2140 pertinent
622 2059 671 2117 ¹.»

212 2172 344 2235 Ultimis
358 2173 424 2235 illis
439 2193 479 2236 ex
493 2171 603 2235 verbis
618 2170 843 2255 colligendum
857 2176 907 2233 est
921 2169 1042 2254 peculii
1057 2171 1190 2234 nomine

170 2287 364 2351 Latinorum
393 2289 481 2352 bona
508 2291 550 2351 ad
574 2294 752 2372 patronum
781 2287 961 2372 pertinere,
987 2286 1076 2369 quod
1109 2287 1191 2350 satis

168 2403 293 2467 indicat
321 2405 488 2488 peculium
514 2405 549 2466 in
575 2405 690 2487 primis
713 2424 734 2466 a
761 2403 895 2468 domino
923 2403 971 2465 eis
992 2423 1190 2466 concessum

168 2519 284 2593 fuisse,
301 2527 534 2603 quaestumque
548 2541 567 2582 a
583 2521 700 2583 Latino
713 2518 787 2582 dein
803 2521 929 2582 lactum
942 2519 1053 2581 nonin
1065 2518 1190 2582 domini

168 2635 403 2718 patrimonium
421 2637 534 2699 statim
554 2642 656 2718 atque
681 2634 806 2697 directe
830 2635 980 2708 transire,
1001 2635 1060 2696 sed
1090 2655 1191 2718 penes

168 2751 333 2827 Latinum,
356 2751 436 2814 dum
458 2735 600 2825 vivebat,
622 2770 801 2813 remanere.
825 2750 957 2832 Duplici
976 2749 1032 2811 illa
1061 2751 1191 2831 conjec-

169 2872 243 2930 tura
258 2868 400 2944 sublata,
417 2889 484 2943 non
495 2869 565 2951 jam
581 2866 719 2950 intelligi
734 2871 845 2950 potest
858 2865 946 2928 unde
960 2866 1093 2928 veniant
1104 2866 1182 2927 Lati·

170 3003 287 3046 norum
303 2983 401 3062 bona,
418 3005 485 3047 non
499 3003 599 3067 parva
615 2982 849 3065 quidem,eum
863 2981 1016 3064 legatam
1032 2987 1187 3044 accurate

169 3106 305 3163 cautum
319 3107 408 3164 esset
430 3121 471 3164 ne
492 3101 539 3163 eis
559 3100 767 3184 privarentur
785 3097 927 3181 patroni.
946 3099 1022 3160 Non
1038 3117 1079 3159 ex
1093 3096 1189 3159 dissi-

168 3216 237 3278 mili
252 3215 349 3280 nobis
367 3217 498 3280 videtur
517 3236 620 3280 causa
640 3216 674 3277 in
696 3214 806 3278 liberti
827 3213 910 3277 civis
934 3213 1074 3275 Romani
1093 3212 1189 3279 bonis

170 3338 297 3414 partem
326 3332 470 3396 debitam
492 3353 565 3395 esse
582 3317 735 3415 patron'o.
757 3329 917 3409 Quamvis
933 3329 1076 3412 juridica
1097 3327 1188 3390 fictio

169 3448 223 3511 hic
238 3469 305 3511 non
319 3448 527 3522 interveniat,
543 3448 684 3511 libenter
702 3447 865 3523 dicamuS,
881 3444 1086 3509 oeconomica
1105 3444 1189 3506 veri-

170 3569 236 3626 tate
258 3564 346 3638 lreti,
370 3585 442 3628 eam
462 3570 589 3648 partem
615 3590 630 3622 «
652 3563 728 3646 jure
752 3560 998 3646 quodammodo
1019 3559 1139 3644 peculii
1168 3585 1184 3617 »

168 3679 267 3742 etiam
282 3680 426 3744 debitam
436 3701 520 3744 esse.

208 3798 260 3872 At,
276 3795 364 3860 dicet
377 3797 508 3880 aliquis,
524 3795 614 3880 quod
628 3796 670 3860 ad
686 3795 821 3863 Latinos
830 3795 959 3870 attinet,
976 3814 1041 3858 non
1057 3813 1095 3856 ea
1110 3777 1186 3855 subss

201 4040 223 4085 l.
240 4036 329 4098 Gaius,
344 4036 387 4098 lll,
405 4039 447 4088 56.
