3080 5034
321 656 358 710 90
741 653 925 710 concauam

320 800 483 863 immerito
498 800 657 883 argueris,
673 820 749 862 cum
769 800 940 883 operarius
956 800 1115 883 majorem
1130 801 1263 883 quidem
1279 821 1338 884 pro

321 916 444 998 majore
463 921 591 998 quaestu
611 922 739 999 partem
759 937 825 979 non
845 916 1003 991 obtineat,
1020 916 1077 979 sed
1100 917 1259 979 minorem
1280 938 1338 1000 pro

320 1032 445 1094 minore
459 1031 510 1094 vel
523 1031 613 1094 nullo
628 1039 759 1115 quaestu
774 1052 840 1094 non
855 1033 1009 1115 patiatur.

361 1147 426 1226 Qui
438 1147 623 1231 operarium
635 1154 783 1230 quaestus
797 1148 990 1231 participem
1006 1149 1140 1210 omnino
1151 1149 1340 1236 faciendum

319 1269 448 1346 putant,
464 1264 506 1326 ad
525 1263 683 1326 damnum
698 1283 765 1326 non
781 1270 932 1347 spectant
948 1285 955 1328 :
972 1264 1142 1349 operarius
1156 1264 1339 1348 periculum

320 1379 429 1442 damni
449 1379 561 1442 vitavit
580 1399 657 1442 cum
679 1385 833 1442 eventum
851 1380 936 1443 lucri
956 1381 1077 1457 amisit,
1100 1382 1339 1464 compromisso

319 1496 462 1578 quodam
473 1502 505 1558 et
518 1495 612 1578 quasi
627 1496 728 1559 tacito
743 1495 956 1579 providentiae
972 1503 1145 1560 contractu
1162 1503 1265 1560 tutus,

359 1611 433 1672 Non
444 1609 612 1672 dissimilis
623 1616 673 1672 cst
687 1609 833 1672 conditio
848 1630 961 1674 eorum
978 1611 1034 1694 qui
1047 1611 1223 1694 pecuniam
1238 1631 1339 1695 nego-

319 1725 446 1788 tiationi
465 1726 675 1789 crediderunt
685 1747 770 1809 quos
785 1727 983 1809 obliyataires
998 1727 1151 1801 dicimus
1168 1728 1338 1812 praefixum

318 1861 377 1924 pro
393 1841 517 1904 credita
534 1842 675 1925 pecunia
692 1849 856 1924 quaestum
871 1843 1055 1927 accipiunt;
1070 1843 1162 1926 pejor
1175 1850 1286 1907 tamen
1301 1864 1339 1906 ea

318 1957 457 2021 videtur.
481 1957 555 2020 Non
578 1957 693 2021 eadem
716 1959 803 2052 enim
825 1963 1002 2022 securitate
1027 1980 1093 2042 qua
1112 1960 1252 2043 operarii
1276 1960 1339 2022 tuti

319 2079 409 2149 sunt,
424 2094 500 2136 cum
521 2073 575 2135 isti
595 2093 661 2136 non
676 2070 818 2158 amplius
833 2080 958 2158 septem
973 2075 1100 2138 dierum
1116 2095 1249 2158 operam
1265 2096 1337 2158 per-

318 2189 1337 2274 dere'possint‚illiipsamquamcredideruntpecuniamtotam.

358 2307 470 2368 Romae
489 2306 559 2368 haec
580 2306 726 2369 conditio
742 2306 846 2369 rarior
860 2313 929 2369 erat
945 2327 952 2368 :
969 2306 1052 2369 liber
1066 2307 1236 2386 operarius
1249 2307 1339 2370 inve-

317 2421 407 2482 nitur
421 2420 642 2503 quidem‚'sed
663 2421 748 2484 servi
770 2421 958 2504 complures
977 2422 1081 2484 fuisse
1099 2421 1263 2497 videntur,
1284 2423 1338 2484 ille

317 2541 428 2598 autem
445 2557 544 2619 quem
563 2536 705 2599 dicimus
727 2535 910 2619 odb'pataire
930 2537 1101 2600 difficilius
1123 2538 1335 2606 inveniretur.

318 2651 382 2730 Qui
393 2651 480 2714 enim
496 2658 605 2735 partes
614 2653 648 2715 in
658 2652 912 2736 publicanorum
928 2653 1142 2717 societatibus
1155 2653 1336 2732 habebant,

316 2768 423 2850 magis
442 2768 531 2832 vices
550 2789 663 2842 eorum
685 2789 769 2852 quos
788 2770 997 2831 ocliooooires
1016 2789 1174 2833 vocamus
1193 2770 1337 2832 sustine-

316 2883 406 2946 bant.
425 2885 544 2947 Paucae
564 2884 650 2947 enim
668 2884 822 2948 videntur
840 2885 941 2948 fuisse
957 2886 1148 2963 societates3
1164 2886 1256 2970 quod
1269 2887 1338 2969 ple*

252 3040 255 3044 -
316 2999 409 3081 rique
441 3000 617 3075 mirantur,
650 3001 747 3063 nobis
780 3021 881 3065 causa
914 3002 1087 3066 manifesta
1117 3008 1181 3065 est.
1213 3003 1338 3065 Multas:

315 3113 499 3176 invenimus
516 3115 734 3198 novimusque
748 3117 925 3180 societates
940 3137 1017 3180 cum
1033 3139 1072 3180 ex
1086 3118 1166 3202 ipsis
1174 3117 1339 3200 juriscon-

316 3228 477 3292 sultorum
491 3231 623 3313 scriptis
635 3231 841 3295 ostendimus
851 3233 1022 3296 dominum
1039 3241 1247 3317 servumque,
1261 3233 1337 3297 dein

314 3343 467 3408 libertum
496 3352 739 3429 patronumque
772 3347 813 3410 ad
847 3347 934 3411 idem
963 3352 1135 3432 negotium
1161 3349 1337 3432 pecuniam

314 3459 465 3529 alterum.
476 3460 615 3524 alterum
626 3461 821 3525 industriam
833 3465 1069 3528 conferentem.
1083 3465 1142 3528 llla
1153 3471 1224 3528 erat
1234 3465 1337 3527 socie*

314 3574 391 3636 tatis
401 3575 506 3638 forma
518 3577 781 3659 negotiationum
794 3587 894 3642 'causa
905 3579 1037 3643 inventa
1050 3584 1155 3664 caque
1166 3581 1334 3662 frequens,

313 3689 561 3772 notandumque
581 3693 684 3755 estin
704 3713 741 3755 ea
761 3699 793 3756 et
812 3693 905 3758 illum
925 3696 982 3778 qui
1000 3697 1174 3778 pecuniam
1197 3702 1229 3758 et
1243 3695 1336 3759 illum

314 3805 372 3887 qui
389 3805 585 3870 industriam
605 3808 784 3890 praestabat
798 3816 945 3891 quaestus
961 3811 1106 3894 quodam
1122 3811 1222 3874 modo
1238 3811 1336 3894 parti-

314 3921 403 4004 cipes
418 3921 531 3984 luisse'.
1147 3931 1149 3936 ’

354 4036 631 4136 §ipgulapisbpcc
658 4042 726 4102 erat
756 4041 945 4104 exercendae
973 4043 1124 4126 pecuniae.
1151 4043 1246 4117 ratio,
1272 4062 1332 4106 nec
