3080 5034
694 1411 858 1485 CAPUT
895 1411 947 1482 111

452 1743 618 1812 Quaenam
636 1755 656 1796 e
674 1738 883 1809 negotiante
898 1737 1029 1793 liberto
1046 1737 1191 1808 exigere

658 1855 784 1926 posset
797 1855 982 1924 patronus.

356 2145 504 2208 Societas
529 2143 616 2206 inter
643 2142 815 2205 dominum
837 2162 1047 2225 servumque,
1072 2141 1211 2204 durante
1235 2141 1335 2204 servi-

315 2267 395 2337 tute,
413 2261 580 2335 inchoata,
598 2264 749 2321 cessante
769 2259 939 2332 servitute,
951 2278 1018 2321 non
1034 2258 1184 2333 solvitur,
1197 2257 1253 2320 sed
1264 2277 1336 2341 per-

315 2382 436 2439 manet.
455 2375 582 2437 Fierine
598 2380 726 2457 poterat
742 2380 779 2436 ut
795 2394 833 2436 ex
854 2374 985 2437 duobus
1000 2374 1109 2452 sociis,
1126 2375 1219 2452 alter,
1235 2373 1267 2436 id
1285 2379 1337 2436 est

315 2491 480 2567 dominus,
505 2489 588 2552 lucri
615 2510 681 2553 non
707 2489 776 2571 jam
806 2492 972 2574 particeps
996 2493 1103 2554 esset?
1128 2527 1167 2536 -
1197 2490 1336 2553 Romani

315 2627 380 2669 non
405 2607 427 2667 ii
449 2597 542 2668 erant
562 2605 619 2688 qui
639 2605 753 2669 tuturo
773 2605 867 2668 lucro
888 2607 1125 2668 renuntiarent.
1151 2607 1276 2688 ltaque,
1299 2611 1337 2667 ut

314 2723 414 2805 hujus
437 2722 605 2786 societatis
631 2721 720 2784 vices
746 2721 985 2804 historiamque
1016 2728 1117 2784 totam
1145 2742 1335 2797 noscamus,

315 2838 410 2901 nobis
431 2837 665 2920 inquirendum
682 2844 743 2914 est,
761 2837 883 2920 quihus
903 2837 1011 2900 modis
1027 2837 1155 2920 viisque
1174 2843 1250 2920 post
1273 2857 1338 2899 ser·

314 2955 452 3016 vitutem
488 2954 573 3016 inter
607 2953 760 3016 libertum
797 2959 1234 3037 patronumquemaneret3
1269 2972 1336 3014 non

315 3070 401 3132 enim
417 3069 541 3132 domini
557 3075 662 3131 morte
678 3069 735 3150 qui
751 3069 953 3132 manumittit
968 3069 1110 3132 societas
1128 3069 1333 3144 terminatur,

315 3185 371 3248 sed
396 3191 525 3247 tantum
547 3185 655 3247 liberti
677 3185 858 3268 mortequi
884 3205 997 3248 servus
1019 3186 1138 3248 fuerat.
1162 3186 1275 3266 Usque
1296 3203 1336 3246 eo

314 3300 411 3363 nobis
435 3299 700 3383 persequendum
720 3306 770 3362 est
794 3321 871 3382 quo,
889 3301 935 3363 rei
960 3307 1079 3364 eventu
1099 3301 1246 3384 cognito,
1267 3319 1335 3362 rem

314 3416 420 3498 ipsam
448 3421 553 3478 totam
589 3415 703 3478 sanius
732 3415 874 3500 pendere
908 3417 1084 3500 possimus,
1116 3416 1226 3494 Quod,
1256 3415 1335 3478 dum

315 3531 486 3607 faciemus,
500 3551 595 3593 nona
610 3531 780 3614 proposito
792 3537 906 3594 nostro
921 3531 1146 3608 discedemus3
1160 3530 1218 3594 sed
1229 3531 1337 3614 magis

314 3667 354 3710 ac
368 3647 475 3729 magis
494 3647 535 3709 ad
555 3646 637 3710 illud
653 3647 841 3724 tondemus3
861 3668 938 3710 cum
957 3648 998 3711 de
1019 3647 1136 3711 liberto
1156 3647 1334 3730 loquimur,

314 3783 380 3825 non
397 3761 467 3844 jam
482 3761 522 3825 de
542 3783 647 3831 servo,
664 3783 731 3826 non
751 3763 852 3826 alium
873 3764 1040 3826 hominem
1060 3771 1261 3848 spectamus,
1278 3762 1336 3826 sed

315 3877 479 3955 eumdem,
493 3877 578 3940 idem
588 3879 761 3962 negotium
770 3885 976 3942 exercentem
986 3902 992 3951 ;
1003 3880 1124 3944 etenim
1133 3899 1210 3942 cum
1221 3899 1337 3941 manu-

315 3994 456 4056 mittitur
477 4014 591 4057 servus
612 3995 835 4058 conditionem
858 4015 924 4058 non
948 3995 1124 4059 artificium
1147 3995 1336 4059 officiumve
