3080 5034
599 622 787 678 CONCLUSIO
1173 626 1209 678 93

176 768 406 832 adhibitorum
437 789 553 832 omnes
580 751 746 832 discendae
781 774 859 831 sunt
893 788 1063 831 servorum
1099 769 1211 832 eondi-

176 887 301 950 tioucs,
327 885 526 968 Plerumque
549 885 638 968 apud
661 891 810 949 recentes
839 887 1018 967 scriptores
1040 885 1080 948 de
1105 887 1207 949 servis

177 1022 289 1065 sermo
305 1007 356 1064 est
370 1001 426 1084 qui
446 1001 636 1064 durioribus
651 1002 702 1064 vel
718 1000 954 1064 humilioribus
972 1001 1129 1085 operibus
1148 1002 1207 1065 ad-

178 1119 289 1181 stricti
300 1123 404 1190 erant,
416 1124 474 1180 aut
484 1117 525 1180 de
539 1117 591 1180 his
606 1117 665 1199 qui
678 1115 939 1180 liberalibusvel
953 1117 1051 1179 etiam
1066 1118 1208 1199 publicis

178 1232 410 1316 fungebantur
433 1233 567 1309 officiis;
591 1233 638 1295 ita
662 1233 807 1295 severior
832 1238 891 1294 aut
918 1231 1147 1315 indulgentior
1174 1233 1210 1295 fn

180 1348 311 1432 opini0.
341 1349 385 1412 Ut
412 1348 483 1431 ipsa
512 1349 653 1412 servitus
688 1345 796 1431 qualis
822 1345 911 1431 a'pud
937 1349 1094 1430 antiquos
1123 1354 1205 1422 erat,

181 1463 325 1528 Romani
354 1464 485 1547 Imperii
511 1464 734 1549 temporibus,
753 1463 880 1546 justius
903 1463 1084 1546 judicetur,
1115 1464 1210 1527 variae

181 1600 355 1644 servorum
383 1580 590 1643 conditiones
619 1579 795 1643 noscendae
821 1586 910 1655 sunt,
937 1579 1083 1643 conditio
1106 1579 1210 1662 igitur

179 1717 298 1761 eorum
312 1697 370 1779 qui
387 1696 421 1758 in
440 1696 583 1778 negotiis
598 1696 948 1779 negotiationibusque
963 1696 1208 1759 adhibebantur

179 1831 251 1874 non
266 1817 317 1874 est
329 1811 569 1894 praetereunda.

226 1927 318 2004 Quot
338 1932 449 1990 essent
470 1926 504 1989 in
533 1947 572 1989 ea
600 1925 792 1989 conditione
820 1926 918 1989 nobis
944 1927 1014 2008 jam
1042 1928 1208 1990 nonlicet

185 2061 401 2124 cognoscere.
427 2041 492 2105 Sed
511 2041 646 2124 plurimi
668 2047 762 2104 erant
783 2041 810 2104 si
834 2041 876 2103 ad
904 2061 1080 2104 numerum
1109 2043 1209 2125 respi-

183 2158 292 2221 cimus
311 2159 571 2241 fragmentorum
592 2157 626 2219 iu
646 2157 768 2240 quibus
788 2156 828 2220 de
848 2157 896 2219 eis
916 2177 1026 2219 sermo
1047 2163 1113 2232 est;
1135 2157 1210 2241 plu·

182 2274 257 2336 rimi
271 2274 371 2336 etiam
386 2273 414 2336 si
428 2273 470 2337 ad
480 2273 688 2336 latitudinem
704 2273 801 2356 spatii
816 2273 851 2334 in
866 2292 933 2355 quo
948 2273 1206 2356 negotiabantur

184 2391 385 2468 spectamus,
402 2391 461 2448 aut
480 2385 507 2447 si
527 2384 749 2468 magnitudini
770 2384 959 2447 divitiarum
975 2405 1059 2468 quas
1074 2405 1203 2447 exerce-

185 2501 266 2563 bant
280 2500 494 2577 attendimus
511 2507 569 2564 aut
584 2501 611 2563 si
629 2499 874 2563 multitudinem
891 2501 1040 2584 gentium
1056 2501 1206 2564 conside-

184 2637 297 2680 ramus
313 2637 389 2679 cum
406 2617 527 2699 quibus
538 2615 665 2698 junctis
680 2615 888 2678 commerciis
903 2616 1139 2680 miscebantur.

225 2733 307 2811 Quis
336 2737 467 2816 putaret
488 2752 618 2795 servum
647 2751 745 2813 quem
771 2731 911 2794 libenter
939 2732 1088 2794 vinctum
1110 2732 1206 2794 nobis

183 2849 293 2912 animo
308 2849 477 2932 fingimus,
493 2853 588 2910 terrae
609 2847 756 2910 colendae
775 2846 985 2921 adstrictum,
1005 2847 1056 2909 vel
1077 2847 1207 2910 domes-

183 2965 250 3028 tico
260 2965 351 3048 operi
362 2964 548 3047 alligatum,
559 2983 635 3026 cum
647 2962 717 3025 sine
732 2962 873 3046 pecunia
884 2968 981 3038 esset,
995 2983 1071 3024 cum
1083 2984 1123 3026 ne
1134 2984 1206 3046 per—

184 3101 265 3144 sona
291 3080 425 3163 quidem
449 3079 636 3154 haberetur,
653 3099 730 3142 eum
753 3079 823 3142 fieri
851 3079 1001 3162 potuisse
1031 3080 1088 3160 qui
1116 3079 1207 3143 orbis

184 3203 345 3260 terrarum
365 3217 445 3280 opes
473 3201 613 3279 gereret,
638 3195 797 3279 pecunias
833 3194 991 3269 crederet,
1018 3194 1207 3258 divitiarum

183 3313 277 3396 quasi
292 3313 445 3376 dominus
460 3313 530 3396 ipse
554 3315 689 3396 ageret?

224 3432 316 3508 Quas
343 3435 553 3493 contemnere
575 3428 778 3493 affectabant
807 3427 932 3490 domini
960 3430 1205 3511 negotiationes

184 3547 384 3628 servilesque
409 3545 650 3622 existimabant,
681 3544 803 3608 eaedem
832 3564 899 3606 non
934 3544 1036 3607 semel
1062 3545 1204 3609 dominis

183 3668 396 3746 aequaverunt
414 3682 538 3726 servos,
