3080 5034
332 629 369 682 44
652 629 807 693 QUOMODO
831 629 897 683 PER
919 630 1048 684 SERVOS

332 776 455 838 habent
483 775 572 857 quod
600 774 771 838 definitum
801 775 844 837 sit
871 781 929 838 aut
955 781 1093 849 certum,
1126 774 1216 838 aliud
1240 781 1351 838 autem

331 891 467 954 verbum
484 891 573 973 quod
588 891 855 973 frequentissime
870 892 1015 954 occurrit
1030 912 1096 954 non
1110 891 1220 953 minus
1231 911 1353 973 anceps

331 1009 363 1069 'et
378 1006 516 1069 dubium
531 1012 603 1069 est:
622 1026 737 1069 servus
752 1007 840 1069 enim
854 1013 993 1070 vocatur
1007 1019 1104 1084 aeter,
1119 1007 1152 1068 id
1168 1005 1256 1088 quod
1270 1007 1354 1090 gerit

330 1133 428 1184 actus.
455 1122 489 1184 Si
521 1143 635 1184 eorum
654 1122 843 1205 opinionem
865 1123 1035 1206 sequimur
1057 1123 1114 1206 qui
1135 1124 1290 1205 nepotium
1314 1143 1355 1185 ex

330 1239 439 1301 verbis
449 1259 503 1300 nec
519 1240 616 1300 otium
632 1243 742 1300 ortum
759 1258 831 1301 esse
846 1238 997 1313 credunt,
1010 1259 1076 1300 uon
1088 1238 1252 1301 immerito
1264 1245 1355 1301 uotu-

331 1355 440 1417 bimus
461 1355 550 1417 illius
565 1353 688 1436 proprii
704 1354 793 1416 verbi
810 1375 973 1417 commeree
993 1375 1060 1437 quo
1078 1356 1226 1418 Romanu
1239 1354 1353 1436 lingua

330 1477 420 1534 caret
440 1471 544 1533 vicem
559 1471 688 1553 explere
703 1470 802 1532 verba
818 1491 892 1553 quae
906 1476 1060 1554 agentem
1073 1471 1216 1553 aliquem
1232 1471 1357 1553 signifi-

331 1593 418 1663 cent,
433 1586 620 1668 nostrisque
641 1585 859 1668 temporibus
881 1606 958 1648 cum
978 1593 1036 1649 aut
1056 1586 1160 1649 salsus
1180 1593 1238 1648 aut
1259 1606 1356 1648 verus

330 1703 437 1764 honor
463 1702 571 1764 obstat
607 1702 787 1784 quominus
809 1703 940 1785 proprio
967 1702 1067 1765 verbo
1095 1708 1241 1777 utantur,
1271 1701 1355 1765 Galli

330 1818 444 1880 eadem
461 1822 602 1880 utuntur
618 1817 724 1900 figura
740 1838 816 1880 curn
833 1817 949 1880 dicunt
963 1819 1005 1880 tes
1020 1819 1159 1899 affaires.

369 1929 472 1991 Nobis
488 1949 576 1991 nuuc
594 1928 765 1992 referenda
781 1935 859 1991 sunt
876 1930 998 2012 scripta
1018 1929 1052 1991 in
1068 1929 1191 2012 quibus
1205 1929 1245 1992 de
1263 1935 1353 1992 acto-

330 2041 422 2104 ribus
433 2040 631 2123 actibusque
646 2061 756 2103 sermo
776 2047 837 2115 est,
848 2047 885 2104 ut
898 2061 938 2104 ex
947 2041 1009 2119 his,
1022 2041 1049 2103 si
1058 2039 1146 2115 licet,
1156 2040 1235 2123 quid
1244 2043 1355 2104 revera

330 2163 483 2239 ageretur
505 2157 685 2219 sentiamus
713 2175 720 2218 :
754 2182 768 2213 ι(
806 2157 846 2219 st
869 2158 1020 2219 rationem
1045 2167 1132 2219 uetus
1159 2159 1207 2218 sui
1232 2177 1269 2219 eu
1294 2157 1357 2240 fide

331 2272 465 2334 dedisset
481 2273 543 2334 ¹....
560 2298 574 2328 »
592 2309 629 2317 -
647 2296 661 2328 n
680 2271 816 2348 Stichus,
833 2293 936 2334 servus
951 2293 1035 2335 meus
1051 2283 1146 2347 actor,
1163 2274 1190 2334 si
1204 2276 1356 2335 rationem

329 2407 446 2448 omnent
462 2396 548 2447 aetus
560 2387 609 2447 rui
623 2386 730 2448 heredi
740 2407 804 2449 rneo
820 2387 1005 2463 reddiderit,
1022 2408 1115 2470 eoque
1128 2389 1250 2450 nomine
1265 2390 1355 2450 eatis-

328 2503 449 2583 fecerit,
469 2501 546 2562 tiber
566 2512 628 2564 esto
652 2503 674 2562 ¹.
697 2527 711 2560 »
736 2537 776 2548 —
799 2503 888 2566 Uxor
907 2503 1059 2585 quaedam
1085 2503 1142 2566 dat
1160 2477 1353 2566 vlibertatem

330 2618 477 2680 «Sticho
497 2618 601 2680 actori
622 2619 754 2680 mariti⁸
771 2643 799 2678 ».
817 2656 857 2665 -
877 2644 892 2677 ι(
922 2621 1008 2696 Vnde,
1031 2631 1059 2681 et
1080 2641 1098 2681 a
1119 2630 1147 2681 te
1165 2629 1248 2702 peto,
1265 2641 1354 2682 soror

329 2736 517 2809 suauissima,
527 2744 562 2796 ut
575 2734 714 2797 Stichum
729 2743 759 2796 et
769 2736 898 2797 Damam
911 2745 1028 2798 actores
1042 2755 1122 2798 meos
1137 2735 1212 2818 (τοὺς
1221 2761 1356 2820 πραγμα-

329 2855 428 2919 τευτάς
445 2875 507 2932 μου,
523 2871 600 2912 uum
621 2871 729 2933 graece
745 2851 878 2933 scripsit
899 2851 1062 2933 testator),
1081 2871 1157 2933 quos
1171 2871 1236 2933 eqo,
1253 2851 1357 2932 quoad

329 2968 465 3028 rationes
485 2966 662 3043 retulerint,
678 2987 739 3028 non
759 2967 938 3041 manumisi,
957 2967 1014 3028 tibi
1034 2986 1098 3028 esee
1118 2965 1355 3029 commendatis·

330 3084 420 3144 simos
433 3086 454 3141 ⁸.
475 3107 489 3138 »
504 3118 543 3128 —
559 3106 575 3139 n
591 3081 698 3145 Titius
713 3087 911 3145 testamento
929 3102 1040 3144 servos
1056 3087 1186 3146 actores
1205 3081 1355 3164 singulos

334 3188 472 3252 diversis
497 3187 646 3271 personis
674 3189 807 3271 legavit,
834 3208 911 3251 cum
943 3188 1139 3271 adjectione,
1169 3190 1195 3250 si
1222 3190 1357 3251 rationes

331 3305 437 3367 heredi
457 3303 678 3366 reddiderint:
701 3304 819 3367 deinde
839 3305 973 3388 proprio
993 3305 1099 3389 capite
1121 3305 1167 3368 ita
1193 3304 1325 3388 scripsit
1346 3325 1353 3367 ε

332 3441 434 3482 omnes
446 3429 573 3495 actores,
588 3440 665 3502 qnos
682 3419 793 3502 leporii,
810 3420 859 3482 vet
877 3423 1095 3498 manumisero,
1109 3422 1194 3483 intra
1212 3431 1356 3502 quartum

331 3556 461 3598 mensem
489 3537 596 3597 mortis
619 3556 693 3597 rneae
721 3537 859 3598 rationes
888 3537 1015 3599 reddere
1043 3536 1124 3609 uolo,
1154 3545 1184 3598 et
1211 3536 1354 3612 dominis,

332 3651 440 3733 quibus
461 3673 480 3712 n
499 3672 545 3713 nie
564 3652 744 3734 tepuerint,
761 3653 851 3714 reddi
869 3674 875 3714 :
892 3652 977 3715 infra
992 3652 1110 3716 deiude
1126 3653 1209 3716 alios
1223 3658 1354 3716 actores

365 3803 601 3865 imum&

364 3875 669 3938 QMHfflwsst

364 3946 659 4008 &QUAEWW

364 4017 664 4080 tmutfflffl
