3080 5034
634 674 818 728 PROOEMIUM
1225 680 1241 730 7

199 826 275 883 ¹est.
292 820 408 881 Nonne
424 817 557 882 creditae
572 819 722 903 pecuniae
737 819 778 883 ad
792 820 1032 904 negotiandum
1047 820 1242 903 plerumque

127 927 128 930 '
216 934 405 1011 creduntur,
420 940 650 1018 testanturque
661 935 694 997 in
708 936 747 998 iis
760 957 779 998 a
795 936 916 1019 quibus
931 935 1111 998 creduntur
1126 936 1241 999 saltem

215 1049 302 1112 illius
318 1050 442 1133 negotii
458 1051 589 1134 generis
605 1051 695 1133 quod
709 1073 810 1114 usura
827 1051 951 1115 dicitur
966 1051 1241 1115 consuetudinem

216 1165 454 1248 ingeniumque
469 1168 500 1228 ¹?

254 1398 317 1459 Tot
331 1398 498 1480 tantisque
513 1398 723 1472 testimoniis,
734 1398 969 1482 quibusmulta
984 1397 1047 1460 alia
1058 1398 1153 1460 Ξ111111
1167 1419 1242 1482 pos-

214 1513 290 1587 sint,
313 1513 370 1595 qui
391 1514 558 1576 Romanos
578 1514 821 1598 negotiationes
842 1514 1083 1597 contempsisse
1102 1521 1240 1577 conten·

214 1627 1239 1713 dunl,quaedamloeaopponunt,quae,sisaneinterprelamur,

213 1743 254 1805 ad
269 1743 302 1806 id
315 1743 404 1826 quod
419 1751 608 1827 proponunt
622 1746 831 1828 probandum
850 1747 961 1809 minus
976 1752 1053 1828 apta
1073 1745 1238 1808 videntur.

256 1860 292 1920 ln
314 1859 428 1942 primis
447 1860 602 1922 invocant
628 1859 739 1922 locum
764 1880 830 1942 quo
853 1861 890 1922 T.
908 1861 1020 1923 Livius
1044 1882 1116 1924 eam
1142 1863 1241 1924 refert

214 1972 339 2055 legem:
354 1998 369 2051 1
383 1975 431 2035 Ν1
445 1974 520 2055 quis
533 1979 677 2049 senator,
690 1974 784 2036 cuive
800 1975 986 2037 senatorius
1001 1983 1095 2057 pater
1110 1976 1238 2050 luisset,

215 2089 411 2151 maritimam
428 2109 556 2165 navem,
572 2110 646 2172 quae
662 2089 736 2173 plus
751 2109 852 2172 quam
866 2096 1088 2153 trecentarum
1105 2091 1241 2173 ampho-

214 2225 323 2266 rarum
349 2210 447 2282 esset,
472 2205 619 2268 haberet.
648 2205 684 2268 ld
712 2205 792 2267 satis
814 2205 964 2268 habitum
989 2206 1030 2268 ad
1052 2206 1182 2268 fructus
1201 2225 1240 2268 ex

211 2321 301 2402 agris
330 2320 526 2397 vectandos;
557 2327 706 2404 quaestus
735 2321 843 2384 omnis
877 2321 1027 2404 patribus
1062 2322 1240 2385 indecorus

211 2435 302 2497 visus
315 2438 336 2498 ³.
356 2461 370 2492 »
398 2435 579 2518 Oportetne
601 2457 641 2498 ex
665 2457 703 2499 eo
728 2435 818 2518 quod
838 2437 944 2519 primo
965 2438 1107 2500 civitatis
1132 2437 1239 2500 ordini

211 2549 336 2632 aliquid
360 2550 554 2614 indecorum
578 2551 718 2627 videtur,
744 2551 778 2614 id
803 2553 924 2634 cuique
954 2553 1016 2614 civi
1045 2553 1238 2616 indecorum

211 2686 283 2727 esse
299 2666 519 2729 concludere?
536 2666 601 2729 Sed
620 2667 720 2728 etiam
740 2667 851 2729 locum
873 2673 1059 2750 amputant,
1078 2689 1153 2731 eum
1171 2689 1237 2731 non

212 2779 339 2843 addunt
349 2781 434 2844 hanc
444 2780 551 2864 legem
562 2802 580 2844 a
592 2783 632 2860 Q.
644 2781 782 2844 Claudio
794 2783 926 2844 tribuno
938 2783 1041 2864 plebis
1051 2811 1065 2840 «
1078 2784 1237 2846 adversus

244 2999 266 3045 l.
284 3019 293 3036 ·
311 2996 345 3046 Ut
361 2994 491 3057 negotiari
505 2995 603 3057 possis,
616 3008 652 3044 aes
662 2995 783 3044 alienum
797 2995 880 3045 iacias
895 3000 1011 3058 oportet.
1029 2996 1137 3059 »(Sen.,
1154 2997 1236 3060 Epist.

212 3069 265 3126 lltt,
283 3067 316 3127 l.)
328 3066 405 3128 Apud
417 3066 575 3116 Ciceronem
592 3065 713 3128 (1111111,
726 3067 757 3126 V,
765 3068 825 3128 21,§
836 3069 875 3128 13)
886 3067 943 3129 lege
954 3075 1057 3130 quanta
1068 3069 1236 3129 perturbatio

210 3139 252 3188 111
266 3151 298 3186 ex
310 3137 423 3186 minima
435 3137 585 3188 mutatione
599 3137 627 3185 in
642 3136 675 3186 iis
689 3151 748 3198 quoe
761 3138 795 3186 de
807 3138 909 3188 mutuis
920 3139 1042 3201 pecuniis
1053 3143 1236 3189 convenerant

209 3209 337 3258 oriretur.
345 3209 435 3271 lpsum
444 3209 617 3273 nepotiatotie
625 3221 733 3268 nomen,
743 3209 899 3272 reipublicae
908 3210 1086 3272 temporibus,
1098 3211 1235 3272 negotium

210 3294 303 3329 eorum
318 3280 365 3340 qui
381 3279 540 3329 foenerando
555 3284 690 3341 quaestum
711 3280 872 3340 querebant
888 3281 916 3330 in
939 3281 1035 3343 primis
1053 3281 1234 3344 significabat.

210 3351 258 3413 (Gt.
274 3350 383 3400 Ernesti
398 3350 612 3413 disputationem
629 3351 742 3400 relatam
761 3351 796 3400 ad
816 3353 931 3402 verbum
955 3354 1103 3415 aepottator
1121 3353 1148 3401 in
1165 3353 1235 3402 indi-

210 3422 287 3470 cibus
306 3421 544 3471 Ciceronianarum
567 3420 719 3470 editionum
734 3422 756 3471 J.
777 3422 809 3473 V.
827 3423 862 3472 Le
881 3423 958 3472 Clerc
978 3429 1006 3473 11
1026 3424 1167 3486 Lemaire.)
1183 3424 1235 3473 Sed

207 3493 265 3552 jam
288 3492 449 3542 eonomine
471 3491 671 3554 negotiationes
696 3506 755 3552 quoe
777 3493 811 3542 ad
830 3507 887 3543 rem
905 3495 1111 3544 frumentariam
1136 3496 1178 3544 vel
1200 3496 1234 3544 ad

209 3567 378 3611 commeatus
394 3563 576 3625 pertinebant,
590 3568 616 3612 11
631 3576 684 3611 111
700 3562 759 3612 sine
775 3565 880 3627 magnis
897 3566 1021 3628 pecuniis
1041 3566 1143 3628 suscipi
1162 3570 1235 3629 pote-

211 3638 281 3696 rant,
298 3633 517 3683 continebantur.
540 3633 651 3696 Imperii
670 3637 762 3682 autem
786 3637 966 3698 temporibus,
982 3637 1015 3686 de
1035 3637 1135 3699 quibus
1156 3638 1235 3687 unire

211 3704 397 3766 tractabimus,
415 3705 588 3768 nepotiatom'r
612 3717 711 3753 nomen
731 3705 766 3754 ad
788 3720 870 3757 omne
890 3709 992 3770 negotii
1012 3710 1052 3758 vel
1075 3713 1234 3758 mercaturae

210 3789 295 3837 genus
312 3775 440 3837 pertinet.

241 3847 265 3894 2.
281 3846 318 3896 Cl.
330 3846 359 3895 in
374 3846 470 3909 primis
483 3861 577 3896 omnes
594 3848 668 3897 locos
684 3845 712 3894 in
730 3849 831 3910 quibus
850 3850 954 3900 Plinius
974 3851 1061 3913 major
1078 3852 1119 3900 111
1139 3851 1234 3900 Strabo

208 3917 362 3966 retulerunt
377 3917 443 3979 quid
459 3931 490 3967 11
503 3922 558 3968 toto
571 3919 637 3970 orbe
652 3918 680 3967 in
691 3918 790 3970 Urbem
805 3921 1008 3984 importaretur,
1020 3923 1062 3971 vel
1073 3935 1127 3983 quo
1137 3921 1235 3970 1111111

210 3987 250 4036 111
267 3989 387 4037 solerent
400 3993 574 4039 mercatores.

241 4059 264 4105 3.
279 4057 345 4118 Xlll,
361 4059 399 4106 63.
