3080 5034
496 598 786 654 NEGOTIARENTUR
807 600 939 654 nonnul
1189 605 1225 661 35

211 749 337 809 Praetor
366 745 422 807 ille
454 745 670 828 magistratus
696 752 766 808 erat
798 746 855 828 qui
886 746 926 809 de
952 749 1232 830 negotiationibus

209 861 523 944 negotiantibusque
538 866 685 936 curaret;
696 859 827 944 peculio
838 861 1040 942 negotiantis
1055 865 1139 928 servi
1155 886 1231 929 cum

208 999 259 1040 res
274 977 360 1039 male
383 997 418 1038 se
442 975 591 1050 haberet,
610 997 671 1039 nec
691 977 810 1039 debitis
830 976 994 1040 solvendis
1010 980 1100 1061 quod
1119 1001 1230 1064 super-

209 1099 276 1156 erat
305 1112 366 1174 par
390 1098 489 1167 essct,
516 1093 643 1154 Praetor
667 1092 904 1155 interveniebat
930 1112 937 1154 :
963 1095 1168 1159 «Arbitrum
1196 1098 1231 1159 in

210 1210 295 1271 hanc
324 1228 393 1270 rem
424 1209 552 1270 Praetor
575 1207 709 1270 debebit
732 1207 821 1284 dare,
848 1208 944 1290 cujus
974 1210 1159 1274 interventu
1181 1213 1237 1274 tri·

210 1325 357 1387 buantur
377 1343 505 1386 merces
524 1323 727 1407 peculiares¹
746 1350 773 1384 ».
797 1323 847 1386 Ibi
866 1323 994 1387 nullum
1015 1331 1085 1388 erat
1105 1325 1239 1392 domine

208 1441 263 1522 jus
279 1439 369 1522 quod
385 1439 448 1523 ipsi
464 1439 648 1502 debebatur
663 1439 868 1502 deducendi:
884 1464 899 1496 «
911 1440 1061 1502 Tributio
1075 1447 1186 1504 autem
1200 1443 1238 1505 tit

212 1581 270 1644 pro
286 1565 358 1624 rata
373 1559 446 1642 ejus
461 1559 551 1641 quod
567 1559 688 1641 cuique
706 1559 888 1622 debeatnr’
905 1587 931 1622 ».
948 1561 1133 1643 AEqualitas
1151 1561 1236 1624 inter

211 1697 268 1739 eos
284 1675 409 1758 quibus
429 1675 569 1738 debetur
583 1675 719 1738 omnino
739 1681 902 1750 servatur3
918 1675 1066 1759 ipsarum
1086 1677 1234 1761 negotia-

213 1794 344 1856 tionum
360 1793 502 1856 ntilitate
517 1799 550 1855 et
566 1813 604 1855 ea
618 1793 650 1854 vi
670 1813 745 1874 quae
764 1793 979 1855 oeconomieis
998 1795 1032 1855 in
1052 1794 1151 1856 rebus
1169 1795 1238 1877 agit

217 1909 354 1991 antiqua
369 1907 540 1992 privilegia
556 1909 768 1992 franguntur,
780 1927 888 1989 neque
903 1907 977 1989 plus
989 1909 1074 1990 juris
1089 1909 1242 1972 dominus

217 2025 251 2086 in
275 2023 406 2107 peculio
427 2023 498 2105 jam
522 2023 623 2086 habet
647 2043 747 2104 quam
771 2025 812 2099 is,
835 2023 1038 2104 quicumque
1062 2028 1123 2098 est,
1146 2023 1240 2085 cuia

217 2161 311 2203 servo
340 2139 490 2202 debetur.
523 2138 588 2202 Sed
622 2139 650 2201 si
682 2159 751 2202 non
783 2144 853 2200 toto
887 2137 1017 2221 peculio
1050 2139 1240 2220 negotiatur

215 2275 341 2330 servuS,
358 2255 392 2316 in
413 2275 452 2317 ea
471 2261 602 2318 tanturn
622 2260 715 2338 parte
734 2274 800 2337 qua
818 2253 1010 2336 negotiatur
1028 2253 1235 2337 privilegium

217 2373 339 2436 amittit
366 2372 533 2444 dominus,
557 2379 590 2435 et
611 2372 688 2435 inde
709 2377 943 2454 argumentum
965 2371 1162 2435 sumendum
1186 2379 1236 2435 est

216 2491 451 2575 negotiationis
467 2489 699 2554 tantummodo
713 2511 814 2553 causa
828 2490 885 2573 jus
905 2491 1079 2574 antiquum
1098 2511 1236 2553 cessare.

258 2609 341 2686 Quae
357 2607 493 2670 tributio
511 2607 551 2670 de
572 2627 638 2689 qua
658 2606 826 2688 loquimur
840 2606 870 2668 ei
884 2607 989 2669 nostri
1005 2607 1091 2688 juris
1110 2606 1240 2669 institu-

216 2723 298 2786 tioni
328 2743 428 2805 quam
450 2721 593 2786 dicimus
617 2723 735 2801 scillite
761 2722 879 2784 merito
906 2727 1127 2804 comparetur,
1152 2721 1240 2782 arbi-

216 2845 332 2921 terquc
349 2859 368 2901 a
384 2842 525 2902 Praetore
540 2839 638 2901 datus
657 2837 746 2900 illius
767 2857 866 2920 quem
886 2837 1028 2899 dicimus
1049 2836 1239 2918 liquidateur

213 2954 382 3038 judiciaire
395 2974 462 3016 non
478 2952 629 3016 dissimili
643 2953 796 3035 fungitur
815 2951 938 3014 officio.

258 3071 422 3133 Dominus
447 3069 530 3152 ipse,
554 3069 581 3131 si
609 3068 765 3145 malebat,
795 3072 926 3150 poterat
951 3087 990 3129 eo
1015 3065 1126 3130 officio
1146 3066 1240 3148 fungi

218 3185 405 3268 peculiique
433 3185 649 3248 tributionem
673 3184 789 3247 eodem
810 3183 910 3246 modo
929 3184 1049 3246 facere.
1075 3183 1110 3244 Si
1131 3186 1241 3244 antem

219 3321 257 3363 eo
293 3301 404 3364 officio
434 3321 501 3363 non
528 3299 713 3364 secundum
733 3299 819 3381 juris
850 3297 1082 3381 aequitatisque
1111 3295 1243 3379 regulas

220 3417 355 3479 functus
370 3421 451 3489 crat,
473 3416 562 3480 actio
578 3437 654 3499 quae
671 3415 837 3477 tributoria
852 3413 1026 3476 dicebatur
1047 3413 1094 3474 eis
1114 3431 1245 3494 compe·

220 3532 309 3594 tebat
322 3531 379 3614 qui
392 3532 535 3596 fraudati
548 3537 642 3596 erant
655 3537 692 3594 ut
706 3530 843 3594 tributio
859 3529 985 3612 aequior
996 3529 1098 3605 fieret,
1111 3534 1143 3591 et
1153 3527 1242 3611 quod

221 3647 267 3711 eis
280 3647 455 3712 deberetur
465 3654 752 3732 persequerentur.
765 3645 956 3710 Notandum
969 3651 1019 3708 est
1033 3645 1240 3708 tributoriam

253 3936 556 3999 1.n.‚xiv‚r‚r,sr.

254 4009 277 4055 r.
289 4007 333 4070 n,
347 4007 415 4069 xiv,
432 4011 455 4068 r,
469 4011 492 4069 s,
507 4010 520 4070 8
537 4011 574 4058 ie.
