3080 5034
471 625 762 680 Nuuormuuurua
784 626 916 680 nonnul
1165 627 1200 678 27

177 775 261 851 Quae
281 773 417 835 libertas
434 792 453 834 a
472 772 607 834 domino
627 772 697 836 solo
716 772 786 835 dari
805 778 914 855 potest
928 778 960 834 et
977 772 1010 834 in
1026 772 1112 835 bona
1128 792 1202 855 ges·

177 887 267 950 tione
283 873 409 970 optima
428 887 480 950 via
500 893 590 970 patet
610 888 682 970 ejus
703 887 954 970 consequendae.
974 888 1096 950 Servus
1116 889 1202 971 sugi-

179 1004 265 1066 livus
299 1003 391 1066 nullo
425 1002 535 1081 modo,
568 1003 658 1066 nulla
691 1005 849 1086 temporis
877 1005 1126 1087 praescriptione
1160 1004 1202 1067 ad

178 1119 366 1183 libertatem
387 1121 505 1195 veniet,
536 1120 660 1202 ubique
680 1127 713 1183 et
739 1140 869 1203 semper
894 1141 970 1183 eum
990 1121 1142 1202 persequi
1171 1127 1203 1184 et

179 1235 296 1318 punire
322 1236 409 1298 lieet.
428 1237 538 1313 Quare
567 1235 691 1298 domini
718 1237 877 1319 majorem
906 1237 1007 1299 servis
1037 1236 1203 1298 habebant

179 1351 277 1414 fidem
300 1372 400 1434 quam
420 1372 506 1434 saepe
522 1352 666 1415 solemus
681 1353 792 1415 liberis
813 1353 999 1435 quibusque
1014 1352 1203 1414 hominibus

178 1468 312 1530 habere.
325 1467 502 1530 Servorum
515 1467 710 1551 probitatem
721 1468 883 1532 libertatis
894 1489 951 1551 spe
961 1469 1024 1531 sibi
1036 1488 1204 1551 eompara-

178 1583 257 1646 bant
274 1583 411 1658 domini‚
425 1584 510 1646 servi
521 1584 707 1647 libertatem
718 1585 789 1668 ipsa
802 1585 965 1667 probitate
975 1585 1202 1648 lucrabantur.

223 1699 343 1762 Utilem
366 1699 464 1763 etiam
491 1700 593 1762 fuisse
622 1701 757 1763 domino
781 1701 959 1764 existimari
985 1702 1089 1783 possit
1114 1701 1204 1764 illam

175 1813 261 1896 juris
286 1813 436 1897 regulam
460 1836 526 1897 qua
556 1817 641 1878 servi
670 1815 836 1878 debitores
858 1815 927 1878 fieri
951 1837 1017 1878 non
1039 1822 1203 1898 poterant,

180 1950 256 2012 quae
269 1931 315 1992 ita
331 1931 494 1994 enuntiari
512 1930 596 1993 solet
614 1951 621 1993 :
637 1931 746 1993 melior
763 1932 897 1994 conditio
913 1941 1019 1993 nostro
1034 1952 1091 2013 per
1105 1953 1205 1994 servos

179 2047 250 2128 fieri
260 2056 376 2128 potest,
391 2047 599 2109 deterioratae
610 2057 724 2130 potest.
743 2049 791 2110 Ex
806 2047 857 2110 his
873 2048 979 2109 verbis
990 2048 1076 2110 forte
1089 2047 1204 2109 credas

179 2162 213 2224 in
228 2163 513 2246 negotiationibus
524 2164 695 2226 dominum
709 2184 838 2247 semper
852 2169 1016 2246 quaestum
1033 2163 1202 2245 consequi,

179 2298 351 2360 nunquam
377 2284 489 2341 autem
511 2279 694 2361 quidquam
714 2279 825 2342 damni
850 2279 998 2362 experiri,
1016 2279 1105 2362 quod
1126 2299 1204 2342 sane

179 2413 348 2456 summum
378 2395 589 2458 commodum
612 2395 778 2472 videatur3
806 2395 839 2459 id
860 2401 970 2458 autem
1000 2415 1066 2457 non
1095 2395 1204 2458 minus

180 2511 396 2573 oeconomicis
411 2511 668 2574 necessitatibus
683 2532 782 2594 quam
798 2513 860 2595 ipsi
874 2512 1013 2594 justitiae
1029 2518 1202 2595 repugnat.

221 2627 300 2689 Haec
322 2626 448 2688 domini
471 2627 617 2690 conditio
643 2649 717 2710 quae
742 2628 865 2711 optima
887 2635 938 2690 est
963 2629 991 2690 si
1013 2627 1054 2690 ad
1076 2628 1204 2690 civilem

181 2741 341 2804 rationem
357 2748 499 2825 spectas,
516 2743 549 2805 in
567 2743 783 2806 oecononriois
801 2743 900 2806 rebus
915 2743 1057 2825 pessima
1073 2748 1134 2804 est.

220 2857 587 2940 Negotiantibusfidem
598 2857 1204 2941 haberineeesseest‚praesertimeum

180 2974 345 3056 pleraeque
362 2975 606 3057 negotiationes
626 2996 692 3038 non
712 2975 930 3059 praesentibus
945 2972 1090 3036 nummis
1103 2971 1205 3034 eonfi-

181 3091 320 3152 eiantur.
343 3090 441 3167 Quod
463 3090 565 3174 igitur
586 3090 743 3174 prodesse
767 3091 854 3154 civili
873 3091 1000 3154 ratione
1018 3088 1203 3163 videbatur,

180 3225 215 3268 re
243 3226 320 3268 vera
345 3205 498 3269 nocebat.
525 3207 640 3290 ltaque
667 3208 819 3284 Romani,
845 3227 921 3270 cum
943 3204 1104 3289 quidquid
1126 3202 1205 3265 utile

181 3327 250 3384 erat
260 3321 432 3404 aptissimo
448 3342 548 3385 sensu
563 3323 796 3406 intelligerent,
806 3323 976 3404 antiquam
989 3321 1095 3404 legem
1107 3318 1205 3382 simul

182 3444 395 3500 servaverunt
413 3444 445 3500 et
464 3445 711 3515 converterunt,
729 3438 907 3522 aliquando
929 3438 1039 3514 etiam,
1061 3435 1207 3518 negotia·

184 3552 313 3616 tionum
331 3553 474 3617 utilitate
487 3555 576 3630 vieti,
595 3555 839 3618 subverterunt.
