3080 5034
330 619 365 672 64
629 617 784 682 QUOMODO
808 619 873 672 PER
894 619 1024 674 SERVOS

328 765 460 827 tiendus
482 765 558 826 eritt
582 764 617 827 Si
632 770 744 828 autem
767 771 908 847 patrono
933 785 993 849 pro
1016 765 1244 849 magnitudine
1268 768 1352 832 lucri

329 881 525 943 vestimenta
540 885 685 963 praestet,
707 881 787 963 quid
806 887 947 965 patrono
967 887 1016 946 tot
1030 887 1139 946 vestes
1159 883 1349 965 proderunt,

329 997 427 1060 etiarn
443 997 470 1058 si
486 996 599 1080 rapide
614 1017 670 1059 eas
684 997 773 1072 terit,
788 997 851 1060 nisi
869 1004 903 1060 et
916 998 988 1082 ipse
1004 999 1178 1062 vestiarius
1193 999 1260 1063 fiat.

362 1113 522 1176 'Nummis
536 1113 639 1196 igitur
653 1113 894 1188 tantummodo,
904 1134 971 1177 non
987 1114 1086 1177 rebus
1097 1121 1256 1199 patronus
1267 1117 1353 1180 lucri

330 1228 465 1313 quodex
475 1228 814 1312 negotiationeliberti
823 1230 1222 1314 provenitparticepsfieri
1231 1239 1349 1316 potest.

371 1345 486 1431 Operae
515 1343 657 1407 definitae
682 1351 776 1407 erant
804 1348 953 1428 tempore
979 1366 1045 1428 quo
1074 1347 1227 1430 pecunia,
1253 1368 1355 1430 quan·

329 1455 431 1540 quam
455 1476 521 1518 non
543 1457 658 1539 ignota
680 1462 762 1533 erat,
785 1477 852 1518 non
874 1461 996 1520 tamem
1018 1461 1086 1520 tam
1105 1458 1270 1541 frequenti
1289 1480 1351 1522 usn

330 1567 560 1651 recipiebatur.
592 1568 713 1630 Rerum
740 1569 939 1650 permutatio
968 1569 1089 1652 saepius
1114 1569 1354 1633 interveniebat

331 1703 431 1766 quam
442 1682 565 1764 emptio
576 1687 607 1744 et
622 1681 778 1759 venditio,
792 1703 843 1745 res
854 1703 914 1765 pro
924 1703 958 1745 re
969 1683 1089 1766 saepius
1102 1705 1201 1766 quam
1212 1686 1353 1767 pecunia

330 1818 390 1882 pro
405 1818 439 1860 re
454 1803 512 1859 aut
527 1817 578 1859 res
593 1817 652 1880 pro
668 1797 809 1880 pecunia
823 1797 1052 1880 praestabatur.
1067 1799 1197 1862 Privata
1213 1820 1353 1882 quaeque

331 1915 449 1978 domus
468 1919 504 1976 ut
519 1934 618 1998 parva
637 1912 771 1976 officina
789 1920 858 1976 erat
877 1913 910 1976 in
930 1934 995 1997 qua
1011 1915 1110 1977 variis
1124 1916 1198 1978 vitae
1214 1917 1354 1979 necessi-

330 2031 455 2094 tatibus
480 2029 560 2092 varii
582 2029 798 2113 providebant
826 2030 922 2106 servi,
945 2030 1014 2113 qui,
1037 2051 1114 2094 cum
1143 2033 1354 2094 manumitte·

331 2148 462 2221 bantur,
484 2167 550 2208 non
571 2145 641 2228 jam
667 2145 812 2221 domin0,
838 2146 895 2208 sed
914 2152 1066 2231 patrono,
1088 2147 1146 2230 qui
1167 2147 1254 2210 idem
1271 2155 1355 2224 erat,

331 2263 564 2347 operabantur.

373 2379 554 2460 Postquam
571 2397 649 2459 opes
662 2377 850 2458 divitiaeque
863 2377 1080 2453 increverant,
1097 2399 1206 2442 rerum
1226 2399 1355 2462 permu-

332 2495 413 2557 tatio
429 2494 535 2576 magis
550 2513 589 2556 ac
604 2493 711 2576 magis
721 2493 879 2576 emptioni
896 2501 929 2557 et
940 2494 1120 2557 venditioni
1129 2495 1239 2558 locum
1252 2495 1353 2572 dedit,

333 2609 497 2692 negotiari
512 2609 617 2684 licuit,
635 2609 796 2692 servique,
810 2616 848 2673 ut
861 2611 1015 2686 diximus,
1027 2611 1061 2672 in
1074 2611 1354 2694 negotiationibus

332 2726 470 2790 adhibiti
485 2727 500 2788 1
502 2731 633 2788 uerunt.
651 2727 792 2789 Romani
807 2727 933 2810 imperii
955 2727 1172 2811 temporibus,
1190 2747 1236 2789 eae
1251 2747 1353 2810 nego-

332 2843 485 2906 tiationes
501 2863 578 2905 cum
592 2842 698 2925 ipsius
717 2842 847 2925 imperii
869 2843 986 2925 spatio,
1008 2842 1042 2905 in
1062 2863 1129 2926 quo
1149 2863 1204 2905 eas
1224 2842 1353 2906 facilius

332 2979 481 3022 exercere
510 2958 646 3035 licebat,
678 2964 864 3022 creverant.
891 2959 940 3021 Ex
973 2957 1129 3022 omnibus
1162 2958 1354 3042 regionibus

331 3074 480 3157 pecuniae
501 3073 640 3136 Romam
661 3073 873 3136 confluebant
892 3080 924 3136 et
943 3094 981 3136 ex
1000 3073 1052 3136 his
1072 3073 1354 3157 negotiationibus

331 3189 419 3252 aliud
442 3188 610 3252 oriebatur
629 3188 864 3271 negotiationis
885 3209 1002 3273 genus,
1020 3210 1094 3272 quae
1113 3189 1147 3252 in
1167 3190 1353 3273 argentaria

331 3304 573 3368 continebatur.
591 3305 628 3366 In
644 3304 706 3367 hac
722 3325 855 3388 quoque
874 3307 1064 3388 frequenter
1078 3305 1227 3371 adhiberi
1241 3325 1353 3368 servos

331 3420 529 3484 notavimus.
542 3419 592 3482 Ab
602 3419 654 3482 his
665 3420 769 3482 servis
781 3421 859 3502 qnid
874 3421 961 3501 exigi
976 3427 1102 3504 posset,
1117 3421 1180 3483 nisi
1192 3421 1354 3504 pecunia?

356 3536 419 3598 na
434 3535 577 3599 definitae
592 3542 687 3600 erant
696 3557 803 3620 operae
814 3557 821 3599 :
834 3563 848 3595 a
862 3537 951 3598 Tales
955 3547 1092 3620 patrono
1109 3557 1210 3620 operae
1223 3537 1351 3610 dantur,

330 3651 437 3730 quoles
455 3671 491 3712 er
512 3663 613 3728 aetate,
635 3653 798 3734 dipnitotc,
820 3653 1008 3729 valetudine,
1028 3655 1215 3728 necessitate,
1237 3673 1351 3736 propo-

329 3765 400 3839 sit0,
421 3769 588 3850 ceterisque
609 3770 676 3850 ejus
694 3769 824 3852 pencris,
849 3769 882 3830 in
901 3779 1033 3852 utraque
1049 3789 1185 3852 persona
1205 3771 1352 3831 astimuri

329 3880 435 3942 debent
447 3887 467 3943 ¹.
490 3919 529 3928 —
552 3884 723 3966 Operarum
740 3884 903 3946 editionem
922 3884 1054 3966 pendere
1069 3905 1106 3946 cc
1126 3886 1351 3948 existimatione

360 4034 382 4081 1.
397 4034 438 4094 Ι).,
454 4035 590 4098 xxxvltt,
606 4040 629 4098 1,
648 4039 685 4098 16,
700 4038 713 4098 S
727 4040 749 4086 1.
