3080 5034
498 653 790 708 nnaorrnnnnrun
810 641 943 708 ROMANI
1206 655 1240 708 41

217 803 266 886 fiii
290 793 456 877 carissime,
479 810 565 884 peto,
589 801 637 860 uti
658 793 853 861 Decembrem
876 811 905 861 et
923 799 1071 862 Seuerum
1094 821 1243 862 commera-

217 920 302 981 datos
322 918 434 978 babeas
457 939 463 976 :
493 917 602 998 quibus
619 925 801 998 praesentem
827 916 1000 978 libertatem
1021 937 1080 978 non
1103 916 1185 993 dedi,
1208 929 1242 978 ut

216 1033 327 1096 idonea
339 1033 513 1094 ministeria
527 1032 660 1106 haberes,
679 1051 755 1114 quos
769 1051 858 1114 spero
878 1040 907 1092 te
928 1042 957 1093 et
976 1031 1100 1094 libertos
1115 1032 1241 1095 idoneos

217 1151 396 1212 babituram
410 1150 433 1209 ¹.
447 1174 461 1204 »
484 1149 534 1210 Ex
553 1167 655 1210 eausa
674 1167 741 1210 non
762 1146 903 1209 absimili
923 1147 987 1209 hoc
1007 1153 1241 1211 testamentum

217 1266 379 1349 seriptum
394 1284 467 1327 esse
482 1263 614 1326 videtur
629 1283 635 1324 :
657 1290 672 1319 a
689 1263 946 1346 Spendophorus,
963 1283 1031 1324 cum
1045 1263 1114 1345 fitia
1128 1285 1195 1325 mea
1208 1266 1241 1325 in

216 1382 342 1463 familia
356 1381 510 1463 nupserit,
523 1381 550 1440 si
563 1370 701 1440 rationes
716 1379 825 1440 idonee
839 1378 916 1460 fitia
925 1399 998 1440 meae
1008 1378 1241 1440 administratas

216 1497 399 1571 reddiderit,
417 1495 494 1558 liber
508 1507 571 1556 esto
583 1498 605 1558 '.
623 1521 638 1551 »

258 1711 426 1773 Omnesne
442 1728 489 1770 eae
502 1707 647 1770 rationes
664 1706 799 1770 redditae
819 1707 860 1770 ad
880 1707 1121 1790 negotiationes
1140 1709 1241 1792 perti-

217 1826 362 1888 nebant?
375 1861 414 1870 —
429 1825 504 1886 Non
522 1843 638 1886 omnes
658 1822 804 1905 quidem,
823 1823 881 1885 sed
896 1823 1019 1885 multae.

258 1940 424 2023 Inprimis
440 1939 536 2002 nobis
544 1944 742 2022 argumento
756 1938 1010 2001 suntvolnmina
1026 1940 1190 2002 rationum
1201 1941 1241 2002 de

218 2057 340 2139 quibus
355 2056 454 2118 toties
470 2075 577 2117 sermo
591 2061 638 2118 est
656 2074 662 2115 :
677 2080 692 2111 a
710 2055 746 2116 ln
762 2055 897 2136 reliquls
907 2055 1057 2136 accipere
1070 2054 1239 2130 debemus,

219 2178 303 2235 utet
323 2172 394 2254 ipsa
413 2171 581 2234 volumina
602 2171 769 2234 rationum
785 2169 989 2233 reddantur³.
1008 2171 1240 2234 -Rationum
1271 2246 1274 2250 ¹

217 2287 457 2351 reddendarum
473 2287 631 2363 conditio,
651 2286 739 2369 quod
760 2287 801 2349 ad
821 2287 946 2370 reliqua
962 2286 1095 2369 quidem
1109 2287 1239 2363 attinet,

215 2406 249 2466 in
262 2403 370 2467 danda
381 2404 521 2488 pecunia
537 2403 704 2478 consistit;
717 2402 806 2485 quod
818 2409 928 2466 autem
940 2403 982 2466 ad
990 2403 1063 2486 ¹ipsa
1076 2403 1239 2466 volumina

216 2521 381 2583 rationum
410 2518 579 2588 tradenda,
603 2518 917 2602 ¹percontandasque
946 2524 977 2580 et
1006 2501 1239 2582 examinandas

216 2636 370 2711 rationes
387 2635 468 2697 etin
490 2633 739 2717 dispungendas
757 2640 857 2716 atque
871 2635 1097 2711 excutiendas,
1113 2636 1239 2718 iactum

216 2750 345 2814 habet‘.
367 2777 382 2808 »
401 2750 564 2812 Dominus
582 2749 682 2812 certis
700 2749 905 2831 temporibus
929 2748 1138 2812 subscribere
1160 2750 1241 2812 sole·

216 2865 294 2929 bat:
316 2892 330 2924 «
348 2865 507 2929 Rationes
524 2885 542 2927 a
562 2865 697 2928 domino
717 2865 927 2948 scriptas⁵....
953 2900 992 2909 —
1008 2865 1091 2928 Cum
1107 2870 1240 2946 propter

215 3002 347 3065 gravem
375 2981 599 3044 valetudinem
629 2986 766 3043 testator
794 3001 861 3042 non
883 2979 1028 3062 potuerit
1053 2978 1238 3041 rationibus

216 3099 493 3162 subscriberet...
511 3135 549 3144 —
564 3097 689 3160 'Lucius
708 3097 826 3172 Titius,
843 3116 920 3159 eum
936 3097 1069 3158 Erotem
1089 3101 1235 3158 actorem

216 3215 359 3292 haberet,
379 3213 540 3277 codicillis
559 3214 604 3276 ita
625 3214 712 3277 cavit
731 3233 738 3276 :
755 3215 888 3275 'Erotem
910 3213 1038 3275 liberum
1060 3233 1121 3274 esse
1141 3211 1235 3272 voto:

217 3333 458 3414 qaem'rationes
481 3331 607 3393 reddere
627 3331 694 3392 voto
710 3331 786 3412 'ejus
808 3332 962 3412 temporis,
989 3330 1070 3412 quod
1089 3330 1147 3391 erit
1164 3339 1235 3411 post

216 3449 411 3509 novissimam
427 3466 524 3509 meam
540 3447 797 3529 subscriptionem
812 3447 834 3510 ⁷.
853 3472 868 3503 »

247 3617 563 3680 nmmmmms

247 3689 567 3751 emmamms

248 3760 551 3823 tmssmmw·

247 3831 536 3892 emmanu

247 3903 572 3964 ammamffln

248 3974 560 4036 smmmmma

248 4044 547 4106 nmmmmm
