3080 5034
540 641 830 697 Nauorlnnnnuufl
854 643 985 698 ROMANI
1249 646 1285 696 53

257 789 340 870 ipsos
359 789 534 849 inexcessus
553 807 615 849 esse
634 789 703 850 voto
721 814 748 863 »,
768 788 1095 871 jurisconsultusque
1115 788 1285 870 quaerebat

260 927 275 958 «
290 923 332 966 an
353 901 478 984 reliqua
501 903 667 965 rationum
687 903 782 985 quasi
801 903 910 986 legata
933 904 1072 968 retinere
1089 904 1237 986 possint¹
1253 931 1282 966 »-.

300 1019 347 1080 Ex
362 1017 562 1100 quibusdam
578 1017 661 1081 loeis
676 1024 812 1102 apparet
826 1019 925 1082 etiam
941 1039 1072 1082 servum
1085 1039 1125 1082 ex
1140 1019 1282 1102 negotiis

259 1153 334 1214 quae
353 1132 488 1195 domino
508 1132 593 1215 gerit
610 1153 709 1216 posse
730 1133 868 1216 aliquid,
886 1141 1005 1217 praeter
1023 1134 1149 1217 reliqua
1170 1155 1283 1198 seeum

258 1248 392 1311 habere.
417 1249 539 1311 Servus
574 1249 709 1331 quidam
731 1249 858 1332 reliqua
889 1250 1061 1313 restituere
1094 1271 1161 1312 non
1190 1270 1286 1332 eoge-

259 1365 358 1427 batur
379 1363 648 1446 (fideicommissa
672 1365 759 1427 enim
780 1366 914 1429 libertas
934 1386 1016 1448 pure
1036 1366 1065 1428 ei
1090 1365 1166 1428 data
1186 1368 1280 1447 erat),

259 1505 274 1537 «
301 1500 439 1563 corpora
462 1480 560 1562 plane
582 1480 759 1554 rationum,
785 1481 876 1545 addit
902 1481 1175 1563 jurisconsultus,
1197 1487 1229 1543 et
1255 1481 1281 1542 si

258 1616 342 1678 quas
361 1616 413 1658 res
432 1595 483 1658 vel
502 1595 662 1678 pecunias
684 1617 723 1659 ex
745 1596 796 1660 bis
816 1597 940 1660 detinet
959 1597 1130 1681 cogendus
1151 1603 1201 1660 est
1224 1617 1282 1680 per

259 1713 439 1775 Praetorem
470 1711 664 1774 restituere²
698 1738 726 1774 ».
760 1714 808 1776 Ex
838 1713 989 1796 sequenti
1011 1715 1198 1797 fragmento
1216 1713 1284 1775 dis·

258 1829 366 1890 cimus
381 1828 583 1910 negotiantis
602 1828 687 1890 servi
703 1829 929 1894 conditionem
944 1829 1114 1892 meliorem
1124 1829 1284 1911 quodam-

257 1943 357 2006 modo
387 1964 459 2006 esse
490 1964 590 2026 quarn
614 1943 708 2008 liberi
738 1945 895 2023 hominis,
922 1965 997 2006 nam
1027 1951 1175 2026 quaestus
1208 1965 1284 2027 pars

259 2059 411 2140 quaedam
452 2079 552 2143 penes
591 2079 723 2122 servum
761 2059 940 2142 aliquando
981 2059 1182 2134 remanebat,
1221 2080 1282 2121 nec

259 2175 391 2251 mirum,
409 2175 436 2236 si
452 2175 641 2237 memineris
656 2175 818 2257 quidquid
829 2195 929 2258 penes
942 2194 1072 2236 servum
1083 2174 1280 2246 inveniatur,

258 2291 398 2353 durante
423 2291 591 2368 servitute,
612 2289 687 2372 juro
713 2291 838 2353 domini
859 2311 943 2368 esse,
973 2291 1086 2374 itaque
1108 2311 1184 2352 oum
1205 2290 1281 2372 jure

258 2407 369 2469 omnia
397 2427 457 2468 sua
489 2412 611 2482 essent,
639 2406 729 2468 facto
758 2407 854 2490 plura
883 2407 967 2469 servi
996 2427 1069 2470 esse
1098 2406 1285 2489 patiebatur

259 2521 424 2584 dominus.
442 2523 600 2586 Cessante
621 2542 696 2584 vero
719 2523 875 2585 servitute
898 2542 937 2585 ea
957 2529 1104 2606 repetere
1125 2527 1255 2606 poterat
1276 2544 1282 2582 :

260 2663 274 2693 «
294 2637 328 2699 Si
343 2637 568 2700 manumisero
583 2657 658 2699 eum
674 2657 817 2712 servum,
835 2638 892 2720 qui
907 2639 1041 2720 negotia
1051 2659 1124 2700 mea
1137 2644 1285 2720 gesserat

259 2753 292 2814 in
309 2753 477 2827 servitute,
494 2752 612 2814 deinde
628 2753 806 2836 stipulatus
818 2753 909 2816 abeo
925 2755 1031 2830 suor0,
1048 2752 1136 2834 quod
1148 2755 1281 2834 negotia

259 2889 332 2931 mea
345 2869 497 2951 gesserit,
514 2868 675 2950 quidquid
692 2868 734 2930 ob
748 2889 818 2930 earn
836 2889 916 2943 rem,
929 2868 956 2930 si
967 2873 1047 2930 tune
1060 2867 1281 2943 libersuisset,

260 3004 336 3046 eum
356 2985 435 3046 mihi
455 2983 532 3046 dare
552 2989 729 3066 oporteret,
749 2984 782 3046 id
807 2984 892 3060 dari;
919 2983 1039 3046 deinde
1063 3003 1102 3046 ex
1124 2984 1282 3066 stipulatu

260 3119 358 3182 agam
375 3119 383 3161 :
400 3119 467 3161 non
481 3099 681 3162 summoveri
697 3120 749 3162 me
770 3101 963 3184 exceptione
984 3099 1171 3182 (oneranda
1191 3099 1286 3162 liber·

261 3215 338 3278 tatis
371 3215 497 3295 causa),
529 3234 636 3296 neque
666 3215 753 3277 enim
783 3221 958 3278 oneratum
992 3235 1026 3278 se
1057 3216 1120 3277 hoo
1153 3214 1285 3276 nomine

260 3336 370 3412 potest
384 3329 479 3412 queri
495 3329 644 3406 libertus,
663 3331 689 3392 si
705 3330 834 3393 lucrum
851 3331 1028 3414 abruptum
1044 3351 1083 3393 ex
1103 3351 1136 3393 re
1156 3331 1284 3412 patroni

260 3466 327 3508 non
342 3445 442 3508 faciat
455 3447 475 3506 ³.
493 3472 509 3502 n

301 3562 349 3624 Ex
364 3561 416 3623 his
431 3561 588 3624 omnibus
603 3567 740 3645 apparet
755 3582 832 3624 eum
848 3582 978 3624 servum
994 3563 1050 3646 qui
1070 3563 1169 3626 alicui
1184 3583 1283 3646 nego·

261 3677 390 3740 tiationi
405 3676 627 3740 adhibebatur
641 3677 809 3759 peculium
821 3678 979 3741 habuisse
994 3685 1027 3742 et
1046 3699 1122 3742 cum
1144 3681 1286 3764 peculia·

295 3909 318 3954 1.
333 3908 375 3966 n,
390 3906 504 3966 xxxin,
521 3909 544 3968 a,
559 3909 599 3967 23,
611 3907 637 3968 St
649 3909 663 3954 2
676 3910 704 3956 et
721 3908 743 3955 a.

296 3979 320 4025 a.
333 3979 375 4034 n,
390 3979 445 4032 xu,
460 3982 483 4037 5,
497 3980 535 4026 ar.

298 4050 320 4096 a.
336 4049 378 4106 n,
397 4049 485 4110 miv,
503 4052 525 4110 5,
541 4052 563 4110 t,
581 4050 594 4110 s
609 4050 632 4096 r.
