3080 5034
302 606 338 660 74
383 604 537 670 QUOMODO
561 605 626 659 Plllt
648 606 775 662 SERVOS
798 608 1086 664 llllOO'l'lAllllN'l'Ult
1107 609 1239 664 ROMANI

301 759 333 815 et
347 751 542 835 magnitudo
558 752 665 836 magis
679 774 719 817 ac
734 755 842 839 magis
855 760 1029 832 cresceret,
1043 755 1169 819 Praetor
1180 756 1323 820 Rutilius

301 868 400 932 edixit
417 894 432 925 a
448 890 479 930 se
494 869 628 952 amptius
643 891 705 932 non
720 871 866 934 (laturum
876 883 1012 956 patrono
1027 893 1157 954 quom...
1170 875 1323 936 societatis

183 1050 185 1055 ,
300 987 450 1047 actionem
464 1011 493 1061 »‚
510 1005 577 1068 quo
592 986 712 1064 edicto,
728 987 755 1050 si
770 994 859 1052 recte
873 987 1101 1072 intelligimus,
1117 987 1324 1071 significatur

299 1101 474 1185 pecuniam
489 1101 652 1165 libertatis
667 1122 768 1166 causa
779 1103 967 1187 impositam
978 1103 1147 1167 dimidiam
1157 1104 1322 1168 bonorum

299 1216 407 1280 liberti
437 1223 563 1300 partem
591 1217 748 1282 excedere
771 1239 837 1282 non
863 1239 960 1304 posse
981 1220 1130 1303 (amptius
1154 1241 1216 1282 non
1237 1218 1324 1283 dota-

298 1334 388 1416 rum).
406 1333 611 1396 Posteriores
627 1355 703 1397 vero
719 1339 877 1399 Praetores
898 1336 1047 1399 camdem
1066 1335 1235 1398 dimidiam
1248 1355 1321 1419 par-

297 1455 364 1513 tem
384 1469 449 1512 non
467 1449 537 1532 jam
563 1450 731 1514 societatis
752 1453 897 1527 nomine,
920 1452 994 1515 vivo
1015 1451 1144 1530 liberto,
1170 1451 1228 1514 sed
1252 1473 1325 1515 suc-

299 1565 458 1629 cessionis
474 1586 586 1641 causa,
608 1571 684 1648 post
703 1566 812 1630 liberti
834 1573 985 1642 mortem,
1007 1567 1119 1630 deberi
1138 1567 1322 1630 edixerunt.

301 1684 349 1744 lta
366 1707 380 1739 «
396 1681 558 1744 libertatis
571 1702 672 1746 causa
686 1682 840 1766 imposita
857 1709 872 1742 »
889 1703 1048 1746 conversa
1060 1689 1138 1746 suut
1151 1683 1185 1744 in
1196 1689 1329 1766 partem

299 1803 437 1880 patrono
452 1797 486 1859 in
501 1796 609 1860 liberti
622 1799 837 1862 successione
851 1798 1008 1873 debitam,
1022 1806 1069 1877 ut,
1087 1799 1114 1862 si
1131 1825 1146 1856 a
1163 1799 1324 1862 libertatis

300 1933 400 1976 causa
424 1913 578 1996 imposita
603 1939 618 1972 »
648 1935 667 1977 a
689 1920 829 1999 patrono
855 1916 1112 1998 postularentur,
1131 1913 1221 1978 nulla
1244 1935 1320 1998 pars

299 2030 334 2092 in
368 2030 579 2094 successione
611 2029 719 2094 liberti
757 2031 786 2093 ei
818 2030 1003 2094 deberetur.
1043 2029 1240 2093 Addendum
1272 2035 1323 2092 est

303 2171 317 2203 a
335 2145 495 2208 libertatis
511 2166 612 2209 causa
627 2142 858 2229 impositorum
875 2172 889 2204 »
906 2147 1052 2210 debitam
1063 2124 1097 2209 in
1113 2146 1325 2210 successione

301 2261 410 2324 liberti
425 2268 553 2344 partem
568 2262 675 2344 magis
690 2268 790 2345 atque
810 2263 917 2346 magis
936 2263 1047 2326 locum
1068 2262 1261 2339 obtinuisse,
1279 2262 1324 2324 ita

301 2383 338 2440 ut
363 2376 523 2458 Ulpianus
548 2376 700 2440 diceret:
728 2403 743 2435 «
770 2378 843 2454 Quae
865 2379 1028 2440 oneranda·
1057 2379 1207 2440 libertatis
1231 2399 1325 2440 causo

300 2492 470 2574 stipulatus
486 2513 563 2568 sum,
580 2513 599 2553 o
616 2493 725 2554 liberto
741 2495 1111 2577 eaetyerenoopossom1.
1127 2521 1141 2552 »
1223 2499 1226 2504 '

300 2723 411 2806 ginem
427 2728 628 2806 spectamus,
645 2723 728 2786 nihil
747 2731 798 2788 est
817 2725 907 2808 quod
926 2724 967 2788 ad
987 2725 1230 2808 negotiationes
1252 2744 1325 2807 per-

301 2841 404 2903 lineat
420 2859 429 2900 t
445 2860 550 2922 poenae
567 2840 655 2902 enim
670 2840 804 2903 nomine
820 2839 1009 2904 «libertatis
1024 2861 1125 2904 causa
1142 2840 1324 2923 imposita»

301 2954 570 3038 postulabantur3
608 2976 715 3039 poenae
752 2957 851 3020 etiam
895 2957 1028 3020 nomine
1065 2957 1207 3020 societas
1241 2955 1327 3018 inter

302 3077 478 3155 patronum
493 3071 714 3154 libertumque
727 3077 841 3135 sancta
858 3073 936 3149 luit3
949 3093 1054 3156 poenae
1069 3073 1172 3156 igitur
1181 3071 1325 3147 nomine,

302 3207 378 3270 pars
392 3187 426 3248 in
442 3187 654 3250 successione
669 3187 777 3250 liberti
792 3195 932 3271 patrono
952 3187 1145 3252 debebatur.
1162 3225 1200 3234 —
1223 3186 1328 3269 Cujus

303 3302 420 3366 debitae
436 3304 538 3386 partis
554 3308 586 3365 et
601 3303 739 3366 historia
758 3309 791 3366 et
811 3309 931 3367 natura
952 3304 1049 3367 nobis
1070 3304 1212 3366 breviter
1230 3321 1328 3386 expo-

303 3418 410 3481 nenda
426 3424 487 3493 est,
505 3424 541 3480 ut
565 3417 736 3481 videamus
757 3418 837 3482 illud
859 3440 980 3483 nomen
999 3441 1104 3503 poenae
1123 3420 1236 3482 fictam
1254 3437 1328 3480 esso

303 3533 534 3597 tantummodo
548 3554 685 3598 causam
700 3555 766 3618 qua
787 3535 917 3618 patroni
939 3535 1089 3598 fraudem
1109 3535 1138 3598 ei
1158 3534 1224 3616 legi
1244 3534 1330 3595 face-

305 3654 377 3711 rent
392 3669 457 3730 qua
474 3649 672 3712 vetabantur
686 3669 705 3714 a
720 3649 846 3712 libertis
860 3651 1037 3733 pecuniam
1047 3651 1190 3734 exigere,
1202 3655 1235 3712 et
1247 3654 1328 3712 tuuc

264 3844 267 3850 .
305 3785 484 3828 noscamus
499 3765 649 3828 eamdem
671 3768 858 3850 pecuniam,
876 3767 1110 3850 negotiationis
1132 3786 1245 3842 causa,
1263 3765 1330 3847 ple-

308 3900 446 3962 rumque
462 3879 559 3964 exigi.

342 4027 363 4074 1.
376 4025 418 4084 o,
432 4023 519 4082 xmv.
535 4027 558 4087 a,
578 4027 599 4086 r,
615 4025 665 4086 ss.
