3080 5034
468 681 758 736 NEGO'I'IARENTUR
778 681 910 735 nullam
1172 679 1209 735 87

226 827 373 889 Patrono
388 826 475 889 enim
488 825 609 889 licebat
630 825 784 889 libertum
804 826 966 908 adsiqnare
985 826 1039 889 cui
1059 825 1210 908 placebat

182 941 364 1006 liberorum
376 946 396 1017 ¹,
410 942 444 1005 id
459 948 510 1005 est
523 948 627 1004 totam
642 941 786 1005 debitam
801 943 835 1003 in
849 941 957 1004 liberti
972 941 1068 1004 bonis
1082 949 1210 1024 partem

184 1059 245 1121 uni
267 1079 403 1121 suorum
422 1057 602 1120 liberorum
621 1057 775 1124 tribuere.
798 1056 896 1135 Quod
916 1058 1207 1121 senatusconsulto

184 1173 379 1237 Claudianis
397 1173 601 1257 temporibus
622 1174 724 1249 facte,
749 1179 896 1256 tempore
929 1193 996 1255 quo
1025 1174 1109 1236 servi
1133 1174 1209 1236 dein

183 1288 294 1352 liberti
314 1290 455 1352 maxime
479 1289 746 1372 negotiabantur,
769 1289 964 1372 permissum
989 1296 1073 1364 erat;
1099 1291 1208 1372 etqui

184 1425 224 1468 ea
243 1406 402 1468 facultate
423 1405 579 1468 utebatur
602 1425 670 1468 non
690 1405 784 1468 aliter
807 1404 928 1488 agebat
949 1411 1049 1488 atque
1075 1406 1128 1468 ille
1149 1406 1206 1488 qui

185 1523 308 1583 nostris
336 1521 435 1584 etiam
463 1521 669 1602 temporibus
693 1528 820 1604 partem
845 1521 878 1583 in
913 1522 1070 1584 societate
1096 1523 1205 1604 (quam

185 1657 345 1701 vocamus
358 1639 473 1718 action)
487 1635 587 1720 legat.

224 1754 286 1816 Jus
312 1753 402 1836 quod
428 1759 587 1836 patronus
614 1751 648 1815 in
682 1753 789 1815 Latini
817 1753 925 1816 libeni
958 1753 1054 1816 bonis
1087 1753 1208 1836 peculii

186 1869 318 1932 nomine
349 1869 501 1932 servabat
532 1868 574 1932 ad
605 1867 728 1931 liberos
761 1868 925 1951 etiamque
958 1869 999 1930 ad
1035 1875 1208 1932 extranens

186 1984 322 2047 heredes
355 1985 549 2069 pertinebat,
586 1984 750 2066 similique
779 1984 906 2046 ratione
934 1991 965 2046 et
1005 2004 1116 2058 causa,
1151 1985 1206 2048 cui

185 2121 298 2164 eorum
313 2100 465 2184 placebat
478 2122 497 2166 a
512 2106 651 2185 patrono
665 2099 737 2164 cedi
751 2104 880 2183 poterat
889 2101 912 2162 ³.

217 2284 237 2330 l.
253 2283 295 2340 D.‚
311 2279 447 2343 XXXVIII,
461 2284 484 2330 4.

215 2355 237 2402 2.
254 2353 338 2413 Cujus
355 2351 394 2401 rei
411 2352 565 2414 exemplum
582 2349 655 2414 apud
672 2351 791 2402 Plinium
808 2350 947 2412 juniorem
966 2351 1121 2402 invenimus
1141 2366 1202 2402 cum

185 2423 280 2473 scribit
293 2439 299 2470 :
314 2446 324 2463 ·
340 2424 464 2473 Valerius
481 2423 621 2483 Paulinus
636 2428 747 2485 excepto
768 2437 831 2485 uno,
844 2423 891 2485 jus
910 2423 1070 2473 Latinorum
1093 2438 1205 2474 suorum

185 2495 251 2543 mihi
269 2495 416 2556 reliquit»,
437 2498 567 2558 rogatque
585 2495 780 2556 imperatorem
802 2499 831 2544 ut
850 2495 897 2544 det
923 2494 962 2544 eis
981 2495 1028 2557 jus
1047 2495 1203 2554 Quiritium.

185 2565 289 2626 (Epist,
310 2566 342 2626 X,
361 2567 424 2628 105.)
439 2592 470 2600 -
486 2565 566 2627 Apud
585 2564 678 2616 Gaium
698 2564 813 2627 legimus
834 2564 960 2614 Latinum
978 2567 1096 2627 legatum
1117 2566 1200 2620 ruisse

184 2637 306 2687 coloniae.
320 2637 419 2700 (Gaius,
435 2637 468 2699 ll,
482 2640 545 2700 195.)
