3080 5034
618 648 800 702 PROOEMIUM
1204 651 1220 705 9
1297 651 1300 658 '

195 793 366 856 tummodo
388 792 543 855 ductores
562 794 726 871 ordinum,
745 793 803 856 sed
820 794 842 855 ii
863 795 921 876 qui
942 795 1003 857 sub
1024 795 1219 860 ductoribus

175 953 176 956 ,
191 909 358 991 praepositi
372 915 461 983 sunt,
474 908 563 971 illam
575 930 649 992 quae
662 909 848 972 tabernaria
864 916 915 973 est
929 911 980 973 vel
996 912 1220 974 mercimoniis

188 1023 322 1107 publice
342 1031 461 1108 praeest
484 1045 619 1087 uxorem
645 1025 787 1088 haberet
800 1027 888 1089 Num
904 1027 979 1108 quis
1002 1027 1076 1090 ideo
1093 1047 1219 1090 merca-

190 1146 299 1202 turam
311 1139 621 1223 negotiationesque
633 1146 745 1224 turpes
756 1161 775 1203 a
786 1141 884 1204 nobis
895 1143 1004 1224 putari
1016 1143 1219 1205 contendat?

232 1255 380 1338 Denique
404 1255 515 1317 locum
538 1275 577 1316 ex
600 1255 769 1318 Ciceronis
796 1257 842 1318 Dc
861 1257 1001 1339 Officiis¹
1026 1265 1218 1340 excerptum

190 1371 332 1434 afferunt
360 1376 610 1454 argumentum.
642 1373 716 1433 Non
743 1372 864 1435 mirum
894 1380 945 1436 est
973 1372 1064 1436 illum
1094 1373 1217 1436 librum

191 1489 303 1550 Marco
321 1487 390 1550 filio
406 1487 565 1564 dicatum,
581 1507 657 1550 cum
673 1487 714 1550 ad
729 1487 997 1552 informationem
1018 1489 1141 1572 publici
1156 1490 1218 1552 viri

189 1603 368 1686 pertineat,
399 1609 603 1665 mercaturas
632 1603 942 1686 negotiationesque
974 1625 1050 1667 curn
1079 1605 1221 1688 publicis

190 1718 388 1780 muneribus
409 1724 618 1800 comparatas
637 1721 730 1802 parvi
750 1719 870 1782 facere.
888 1721 976 1782 Num
995 1720 1116 1784 vellent
1132 1721 1222 1785 Cice-

193 1835 284 1896 ronis
304 1833 409 1896 filium
431 1834 672 1916 negotiatorem
692 1835 808 1909 fuisse,
830 1856 972 1918 eumque
992 1843 1130 1918 patrem,
1152 1858 1219 1900 suae

196 1949 276 2011 tam'
290 1949 461 2011 conscium
482 1948 607 2032 gloriae,
624 1949 664 2010 ad
685 1950 927 2032 negotiationes
952 1952 1099 2014 Marcum
1121 1973 1219 2015 suum

197 2064 391 2147 impulisse?
411 2063 496 2141 Quis
515 2065 613 2126 etiarn
634 2064 733 2127 hodie
756 2065 850 2128 aliter
877 2086 916 2128 ae
943 2065 1058 2128 Cicero
1087 2071 1220 2150 ageret‘l

195 2179 288 2242 Adde
311 2179 400 2262 quod
427 2186 518 2242 totus
546 2179 630 2242 liber
654 2181 803 2243 Graecam
831 2181 1074 2264 philosophiam
1103 2183 1217 2266 spirat,

192 2316 301 2378 neque
316 2296 350 2358 in
366 2317 432 2358 uno
447 2297 503 2359 illo
519 2297 593 2359 loco
609 2297 824 2378 quaerendum
840 2297 1001 2380 quidquid
1017 2298 1056 2360 de
1072 2299 1218 2382 negotia-

190 2412 338 2475 tionibus
372 2413 536 2475 senserint
564 2413 715 2475 Romani.
747 2413 856 2476 Locus
892 2414 979 2476 enirn
1014 2414 1065 2476 his
1098 2415 1213 2498 incipit

189 2523 297 2585 verbis
325 2542 332 2583 :
365 2549 379 2580 ‹<
409 2524 483 2586 Jam
512 2523 552 2586 de
580 2524 728 2587 artificiis
754 2530 787 2586 et
814 2525 1015 2606 quaestibus,
1043 2527 1099 2607 qui
1132 2527 1214 2589 libe-

189 2638 274 2700 rales
289 2638 442 2715 habendi,
464 2639 521 2720 qui
543 2639 665 2701 sordidi
686 2639 763 2714 sint,
780 2639 851 2702 haec
876 2641 944 2701 fere
969 2642 1171 2723 accepimus,
1200 2670 1213 2699 »

192 2754 385 2835 Sequuntur
394 2753 528 2814 nomina
537 2751 668 2814 illorum
680 2752 737 2833 qui
749 2753 936 2814 exactiones
947 2753 1055 2815 lacere
1066 2755 1218 2817 videntur

189 2889 331 2952 quorum
346 2867 463 2930 merito
480 2867 709 2950 improbantur
726 2873 885 2950 quaestus,
903 2868 952 2928 Ne
967 2867 1131 2931 immerito
1145 2871 1216 2952 qui-

188 2985 262 3048 dem
279 2984 507 3066 vituperantur
522 2983 572 3044 hae
595 2989 682 3044 artes
701 3007 715 3039 «
740 3003 813 3064 quae
832 2983 991 3044 ministrae
1008 2991 1084 3046 sunt
1103 2985 1216 3069 volup·

186 3107 293 3165 tatum
311 3127 338 3177 a,
356 3099 507 3182 quamvis
526 3119 709 3182 coquorum
722 3104 779 3162 aut
794 3099 998 3182 piscatorum
1015 3106 1101 3162 artes
1118 3102 1212 3164 nobis

185 3239 251 3280 non
275 3215 503 3299 improbandae
527 3215 710 3292 videantur,
735 3214 792 3278 sed
816 3215 986 3278 Ciceronis
1009 3217 1214 3298 temporibus

188 3354 225 3396 ea
240 3338 309 3394 erat
326 3332 445 3394 domus
464 3331 706 3394 administratio
723 3337 760 3393 ut
779 3331 1010 3394 tantummodo
1026 3333 1083 3414 qui
1098 3333 1212 3416 volup-

188 3450 247 3511 tati
268 3448 441 3531 indulgere
459 3447 613 3511 volebant
634 3467 748 3509 eorum
767 3453 939 3510 uterentur
958 3447 1095 3510 artibus.
1116 3449 1212 3526 Quod

188 3571 298 3628 autern
321 3564 436 3627 Cicero
460 3565 601 3646 explicat
627 3570 741 3647 postea
771 3563 811 3626 de
837 3563 1058 3640 mercenariis
1083 3565 1211 3648 opifici-

187 3680 346 3762 busquea
367 3679 464 3741 nobis
488 3678 620 3762 probari
643 3699 709 3740 non
733 3684 853 3761 potest,
871 3679 928 3742 sed
950 3679 1211 3744 animadverten-

189 3796 266 3858 dum
288 3800 338 3857 est
361 3794 395 3857 id
424 3800 531 3858 totum
560 3793 601 3856 ad
629 3793 750 3856 laboris
778 3815 845 3857 non
873 3795 1108 3877 negotiationis
1135 3817 1212 3859 con·

220 4055 243 4101 l.
263 4051 282 4111 l,
296 4053 336 4100 42.
