3080 5034
261 615 298 672 56
569 613 723 679 QUOMODO
747 615 812 669 Pllll
835 614 964 668 suavos

263 759 434 824 emendam
463 760 646 824 libertatem
673 760 869 836 destinatur,
895 759 953 823 sed
974 759 1018 824 ad
1041 759 1283 844 negotiationes

265 875 474 950 exercendas,
490 876 631 958 ideoque
648 896 714 939 non
730 897 807 939 eum
822 875 927 958 pretio
946 875 1117 951 libertatis,
1136 873 1192 937 sed
1207 893 1284 938 eum

265 992 493 1076 magnitudine
521 993 756 1075 negotiationis
791 993 935 1076 aliquam
965 991 1065 1055 habet
1096 991 1282 1075 paritatem.

264 1108 338 1193 lpsa
353 1107 488 1171 libertas
498 1128 564 1170 non
582 1107 727 1170 nummis
744 1107 939 1190 aequiritur,
956 1106 1014 1170 sed
1029 1106 1185 1170 sollertiae
1205 1105 1283 1168 fide-

261 1223 428 1308 litatisque
447 1224 589 1307 pretium
613 1223 758 1301 videtur;
783 1244 859 1288 nam
879 1224 908 1287 ei
934 1223 1018 1286 servi
1039 1223 1197 1287 dicuntur
1219 1223 1285 1306 ple·

262 1359 401 1423 rumque
427 1342 526 1422 pratis
551 1341 742 1402 matrumissi.
773 1341 821 1403 Ex
854 1339 987 1422 seriptis
1016 1339 1117 1402 etiam
1147 1345 1286 1422 apparet

264 1456 439 1539 pecuniam
461 1475 479 1517 a
497 1475 591 1518 servo
606 1454 797 1518 solvendam
813 1475 880 1518 non
899 1455 1062 1518 libertatis
1086 1454 1144 1518 sed
1165 1454 1287 1537 peculii

265 1571 472 1635 concessioni
507 1559 689 1634 connexam
725 1591 813 1634 esse.
847 1572 895 1634 Ex
931 1571 1063 1655 Ulpiani
1099 1571 1286 1653 fragmento

264 1687 408 1770 quodam
424 1687 583 1750 discimus
598 1707 636 1750 eo
654 1687 727 1771 ipso
742 1687 830 1770 quod
847 1692 935 1750 certa
946 1687 1119 1771 pecuniae
1136 1706 1229 1749 servo
1243 1687 1286 1749 sit

263 1801 382 1880 danda,
404 1791 570 1887 peculium
594 1802 668 1866 ideo
687 1803 833 1886 legatum
855 1803 967 1880 videri,
985 1801 1082 1866 nobis
1101 1800 1284 1865 notandum

263 1923 313 1982 est
327 1918 360 1981 id
374 1918 408 1981 in
425 1919 535 2003 specie
550 1919 635 1982 servi
650 1918 749 1982 alicui
769 1919 903 2002 negotio
924 1917 1091 2002 praepositi
1115 1917 1284 1980 decretum

263 2034 367 2098 luisse
391 2055 399 2100 τ
427 2061 441 2093 a
465 2035 646 2112 Interdum,
668 2041 700 2098 et
724 2036 840 2098 sinon
870 2034 911 2098 sit
933 2034 1081 2117 legatum
1103 2033 1283 2116 peculium,

267 2151 513 2234 velutlegatum
528 2152 575 2214 sic
590 2151 763 2234 accipitur,
780 2151 812 2213 id
828 2157 878 2214 est
894 2150 928 2212 in
943 2149 1135 2232 hujusmodi
1151 2149 1282 2232 speeie:

266 2265 399 2348 quidem
415 2287 509 2329 servo
525 2266 719 2342 libertatem,
736 2267 763 2327 si
777 2267 912 2328 rationes
927 2265 1119 2341 reddidisset,
1133 2264 1284 2339 dederat;

265 2391 293 2443 et
312 2383 338 2442 si
350 2381 511 2443 heredibus
530 2393 649 2444 centiam
668 2381 834 2450 intulisset,
853 2383 1036 2465 Imperator
1049 2381 1154 2465 igitur
1173 2386 1287 2444 noster

264 2515 338 2558 cum
354 2502 446 2579 patre
459 2497 637 2580 rescripsit,
655 2496 962 2581 peculiumquidem
978 2517 1044 2560 non
1060 2496 1123 2558 nisi
1138 2495 1285 2579 legatum

264 2610 391 2690 deberi,
417 2632 531 2675 verum
564 2613 697 2696 (inquit)
736 2613 763 2676 si
800 2612 1048 2676 conditionibus
1083 2611 1286 2696 praescriptis

266 2728 377 2811 paruit
397 2749 522 2805 servus,
545 2735 736 2793 testatorem
760 2729 905 2792 voluisse
927 2749 1003 2791 eum
1027 2728 1167 2792 retinere
1188 2747 1287 2810 pecu-

268 2843 348 2907 lium
372 2845 635 2928 interpretamur,
656 2845 808 2907 videlieet
834 2865 874 2908 ex
897 2865 948 2920 eo,
971 2843 1061 2926 quod
1089 2864 1129 2906 ex
1154 2842 1285 2926 peculio

268 2979 343 3022 eum
363 2960 509 3042 jusserat
537 2967 670 3024 centum
699 2961 850 3025 inferre¹.
873 2997 913 3008 -
938 2961 1020 3022 Cum
1050 2959 1146 3022 heres
1170 2958 1285 3040 jussus

264 3081 315 3138 est
338 3077 499 3159 peculium
519 3076 610 3153 dure,
642 3087 767 3159 accepto
796 3086 879 3138 certa
906 3095 1035 3152 summa,
1067 3095 1135 3137 non
1156 3073 1286 3136 videtur

268 3211 368 3275 penes
382 3191 536 3255 heredem
552 3211 624 3254 esse
639 3191 807 3274 peculium
817 3192 839 3255 ².
858 3218 872 3249 u

306 3308 354 3370 Ex
366 3308 439 3371 aliis
453 3308 536 3370 locis
550 3307 745 3391 intelligitur
756 3328 827 3371 eam
837 3308 1011 3391 pecuniam
1022 3327 1062 3370 ex
1072 3306 1201 3390 peculio
1210 3304 1288 3368 dan·

270 3422 344 3486 dam
360 3443 443 3500 esse,
459 3428 517 3486 aut
531 3448 547 3481 o
562 3423 672 3486 minus
689 3443 761 3486 esse
780 3423 813 3486 in
834 3423 964 3505 peculio
979 3423 1089 3506 legato
1103 3447 1118 3478 u
1137 3427 1169 3484 et
1190 3420 1286 3504 quasi

271 3538 502 3601 deductionem
524 3559 564 3602 ex
586 3538 808 3622 peculiaribus
830 3538 929 3602 rebus
948 3538 1044 3602 nobis
1068 3536 1253 3600 habendam
1270 3549 1282 3599 ἰ

267 3641 282 3710 a
302 3652 468 3730 Quaeritur
487 3653 514 3715 si
538 3673 631 3716 servo
648 3653 782 3718 libertas
801 3653 877 3717 data
901 3653 955 3728 sit,
977 3655 1004 3715 si
1026 3652 1127 3716 decem
1151 3651 1281 3714 dedisset

298 3934 320 3977 r,
335 3928 500 3990 u.,xxx1u,
516 3932 539 3990 s,
557 3931 580 3990 a,
594 3932 607 3993 s
622 3933 636 3980 r

296 4002 319 4049 a.
332 4000 374 4061 n,
388 4000 443 4061 xv,
462 4005 483 4061 r,
500 4003 538 4050 as.
