3080 5034
338 631 374 685 30
651 626 805 692 QUOMODO
829 627 894 681 Patr
916 627 1046 682 SERVOS

337 774 417 837 lium
442 773 557 848 habet;
582 773 653 856 ipsa
678 773 765 835 enim
791 772 1028 856 negotiationis
1053 773 1189 849 utilitas,
1214 780 1251 836 ut
1272 775 1359 839 vide·

336 889 456 966 bimae,
474 888 507 950 id
532 888 678 970 requirit.
700 887 798 966 Quod
820 889 999 972 peculium,
1021 895 1053 951 et
1073 889 1100 951 si
1117 889 1236 972 ingens
1260 898 1357 966 esset,

337 1012 533 1069 nontamen
555 1005 685 1087 magnis
712 1005 924 1068 terrestribus
945 1005 1186 1088 maritimisque
1210 1007 1360 1089 negotia-

337 1121 483 1184 tionibus
500 1122 614 1204 utique
633 1140 692 1204 par
713 1141 786 1182 esse
803 1127 942 1203 poterat.
968 1120 1016 1184 llli
1039 1122 1096 1204 qui
1115 1142 1171 1184 eas
1189 1122 1359 1204 aggredie-

337 1238 435 1300 batur
449 1237 551 1300 totius
566 1236 723 1299 dominici
738 1237 926 1319 patrimonii
943 1236 1159 1300 facultatibus
1174 1257 1259 1320 opus
1276 1246 1356 1302 erat.

338 1355 452 1436 Itaque
498 1354 660 1415 Praetores
706 1372 761 1414 eas
803 1358 1050 1435 proposuerunt
1093 1353 1241 1416 actiones
1284 1373 1358 1435 quae

339 1497 352 1526 a
381 1469 551 1550 adjectitia
581 1468 742 1550 qualitatis
772 1493 787 1523 n
815 1467 889 1549 jure
919 1467 1126 1543 dicebantur,
1151 1474 1184 1531 et
1223 1469 1357 1551 quibuS,

337 1584 435 1648 certis
475 1581 733 1659 conditionibus,
767 1583 949 1665 negotianti
986 1604 1080 1646 servo
1116 1583 1288 1647 dominum
1325 1586 1358 1646 in

337 1699 479 1763 solidum
496 1698 643 1781 obligare
656 1698 777 1761 licebat
791 1702 812 1762 ¹.
831 1699 913 1777 Quae
928 1699 1027 1762 etiam
1042 1701 1197 1761 institorio
1213 1700 1262 1761 vel
1275 1721 1358 1762 erer-

339 1817 447 1878 citoriu
463 1814 677 1891 vocabantur,
690 1821 788 1898 prout
803 1835 918 1877 servus
933 1816 1078 1878 terrestri
1094 1815 1311 1898 negotiationi
1323 1823 1359 1878 ut

338 1930 470 1994 institor
481 1930 746 2015 praeponebatur,
756 1930 807 1992 vel
823 1931 995 1993 maritimae
1010 1937 1047 1994 ut
1057 1931 1217 2015 magister
1232 1931 1325 1993 navis
1336 1935 1356 1993 ².

379 2049 414 2110 In
431 2047 552 2130 quibus
563 2046 695 2109 casibus
709 2067 775 2109 non
788 2046 851 2108 nisi
867 2067 1021 2129 expressa
1036 2046 1160 2110 domini
1177 2046 1357 2123 voluntate,

338 2164 493 2227 dominus
508 2163 540 2224 in
556 2162 699 2225 solidum
714 2162 817 2224 teneri
831 2168 950 2245 potest,
972 2183 1034 2225 nee
1053 2168 1182 2226 tantum
1203 2162 1358 2224 dominus

338 2278 596 2361 negotiationem
628 2276 769 2359 jussisse
800 2276 909 2354 debet,
944 2277 1001 2340 sed
1034 2283 1158 2340 certam
1191 2277 1298 2360 legem
1330 2279 1358 2340 ei

338 2395 506 2478 imponere
526 2399 644 2476 potest.
662 2396 740 2467 Quae
757 2395 1018 2477 «praepositionis
1035 2395 1084 2456 tec
1100 2420 1114 2450 »
1131 2393 1264 2470 dicitur,
1282 2415 1357 2456 nam

339 2511 385 2572 eis
401 2508 534 2572 casibus
550 2509 725 2592 negotians
741 2530 856 2574 servus
869 2511 1056 2593 prepositus
1069 2517 1207 2573 vocatur
1221 2513 1242 2572 ³.

370 2685 392 2731 I.
410 2681 474 2740 Qua
490 2680 610 2730 actiones
626 2695 678 2731 non
699 2681 1071 2744 tantumineasupraepositi
1086 2682 1260 2732 servitorum
1276 2683 1358 2730 hahe-

339 2753 414 2815 bant,
431 2753 478 2802 sed
501 2753 581 2802 etiam
604 2753 632 2802 in
652 2767 716 2803 casu
738 2754 872 2815 cujusque
891 2767 1014 2815 personae
1034 2754 1194 2816 preposite.
1217 2753 1358 2815 Praepositi

338 2829 428 2875 autem
444 2825 516 2874 servi
531 2839 622 2873 casum
638 2825 724 2874 multo
739 2825 951 2886 frequentiorem
968 2825 1051 2874 tuisse
1066 2839 1099 2874 ex
1115 2825 1182 2887 ipsis
1192 2825 1357 2887 prudentum

339 2895 448 2958 scriptis
465 2902 586 2959 apparet.
606 2897 692 2959 (Inst,
710 2896 753 2956 tv,
772 2899 794 2944 t.
808 2897 846 2947 Gt.
862 2896 943 2946 etiam
959 2896 1038 2945 Ponti
1051 2896 1133 2958 Sent,
1148 2897 1178 2954 II,
1193 2897 1226 2958 8.)

370 2971 392 3017 2.
412 2989 421 3009 ι
435 2968 546 3016 Institor
560 2973 610 3028 est,
625 2967 673 3028 qui
685 2968 813 3027 tabernae,
823 2969 924 3028 locove,
938 2968 971 3017 ad
985 2968 1140 3027 emendum,
1153 2967 1360 3016 vendendumre

338 3038 515 3101 praeponitur,
532 3038 634 3099 quique
651 3038 709 3086 sine
723 3039 781 3087 Ioco
796 3039 830 3088 ad
846 3039 971 3088 eumdem
987 3043 1078 3088 aetum
1089 3038 1266 3100 preponitur.
1282 3059 1292 3078 »
1307 3039 1359 3098 (u,

339 3111 405 3172 XIV,
421 3111 444 3169 3,
462 3111 499 3172 ts)
517 3108 697 3158 Invenimus«
712 3109 853 3158 tabernam
870 3109 1060 3172 purpurariam
1074 3124 1135 3158 cum
1151 3110 1237 3159 servis
1252 3109 1360 3158 instito-

339 3181 415 3230 ribus
429 3186 455 3228 et
470 3179 599 3241 purpuris
615 3180 666 3241 (D,
679 3181 780 3238 XXXII,
801 3185 841 3242 st,
856 3183 869 3243 S
883 3183 921 3242 2);
936 3209 967 3216 -
987 3182 1105 3231 tabernae
1123 3181 1263 3243 cauponioe
1283 3179 1361 3228 insti·

340 3257 412 3302 tores
431 3273 440 3292 ¹·
458 3252 498 3312 (I),
512 3251 626 3312 XXXIII,
643 3253 665 3308 t,
683 3250 735 3314 t3);
758 3265 844 3302 ·nam
865 3253 998 3314 pterIque,
1014 3253 1054 3302 ait
1069 3253 1158 3314 GaiuS,
1173 3265 1272 3314 pueros
1291 3251 1362 3312 puet-

339 3325 432 3384 tasque
449 3321 569 3370 tabernis
584 3327 755 3383 praeponunt.
775 3345 785 3363 »
803 3324 853 3385 ID,
869 3324 936 3382 XIV,
952 3326 975 3386 3,
990 3325 1023 3386 8.)
1038 3350 1069 3360 -
1086 3345 1095 3364 ι
1115 3323 1272 3386 ItInpistrum
1286 3322 1361 3370 nouis

338 3394 462 3456 accipere
485 3393 625 3453 debemus,
643 3392 687 3442 cui
711 3393 794 3444 totius
812 3394 889 3444 navis
911 3409 977 3444 cura
997 3396 1125 3445 mandata
1148 3399 1218 3444 est...
1240 3393 1361 3454 Magistri

339 3466 518 3528 imponuntur
532 3464 654 3513 locandis
669 3465 794 3527 naribus,
807 3469 849 3516 vet
860 3467 894 3515 ad
910 3481 1023 3528 merces,
1035 3468 1077 3517 vel
1090 3466 1246 3516 vectoribus
1259 3465 1360 3513 condu-

339 3537 443 3596 cendIs,
470 3535 680 3584 arnramentisve
714 3537 836 3586 emendis
864 3555 890 3598 »3
924 3543 1040 3600 possunt
1069 3539 1150 3588 etiam
1179 3558 1188 3577 ·
1222 3535 1361 3586 mercibus

339 3607 472 3664 emendis,
484 3608 525 3655 vel
540 3607 690 3656 vendendis
703 3609 825 3670 praeponi
838 3631 859 3656 ν.
871 3611 922 3670 (Ι).,
937 3611 1004 3670 XIV,
1018 3613 1040 3670 I,
1057 3611 1115 3671 ως
1129 3611 1139 3657 I
1152 3614 1178 3658 et
1192 3611 1226 3670 3.)
1241 3635 1269 3642 -
1280 3607 1360 3656 Insti-

341 3676 409 3726 toria
421 3679 491 3726 netto
507 3691 539 3726 ex
552 3678 662 3728 nomine
678 3679 822 3742 prepositi,
836 3680 883 3741 qui
896 3680 1006 3729 institor
1021 3681 1132 3741 dicItur,
1146 3693 1244 3728 nomen
1260 3678 1359 3738 sumit;

340 3747 499 3797 exercitoria
515 3754 604 3798 autem
621 3763 653 3798 ex
668 3751 777 3799 nomine
791 3753 974 3814 praeponentis,
988 3751 1036 3814 qui
1050 3751 1183 3801 exercitur
1197 3750 1359 3812 appellatur.

342 3840 351 3858 ι
375 3819 515 3867 Exercitor
536 3826 647 3869 vocatur
667 3820 690 3869 is
708 3821 741 3870 ad
764 3835 845 3883 quem
868 3822 1034 3872 cottidianus
1056 3823 1132 3872 navis
1155 3826 1276 3883 quaestus
1298 3833 1359 3882 per-

339 3889 422 3938 venit.
443 3889 566 3952 affinius,
588 3891 630 3952 IV,
653 3893 701 3954 u.)
723 3892 814 3954 Ipsum
831 3894 1008 3943 exercitarent
1028 3907 1136 3943 servum
1153 3906 1212 3941 csse
1236 3905 1315 3954 posse
1330 3904 1362 3940 cx

341 3960 506 4022 prudentum
522 3961 631 4022 scriptis
643 3962 784 4012 discimus.

371 4034 394 4080 3.
417 4031 575 4093 Sequuntur
593 4033 717 4095 quedam
737 4035 960 4097 praepositionum
982 4037 1105 4099 exempla
1126 4051 1132 4084 :
1152 4064 1183 4072 -
1204 4033 1362 4098 prepositus
