3080 5034
547 633 837 688 NllGO'l'lAltllNTUll
858 635 990 689 ROMANI
1253 639 1287 690 21
1372 679 1374 682 -

262 779 420 862 pecunias
436 780 469 841 in
488 780 567 842 Asia
585 779 762 862 implicitas
783 781 951 843 habuisse.
974 781 1075 866 Regis
1097 785 1184 844 enim
1200 783 1291 844 Ario-

262 895 412 958 barzanis
432 895 576 958 creditor
602 901 682 972 erat,
705 897 886 978 Pompeius
904 916 1049 980 quoque.
1075 899 1145 960 lmo
1168 899 1290 960 Brutus

264 1011 453 1074 Salaminiis
488 1033 565 1074 curn
600 1011 793 1094 ingentibus
829 1013 940 1076 usuris
974 1014 1150 1096 pecuniam
1184 1015 1290 1076 credi-

262 1129 366 1198 derat,
389 1127 447 1190 scd
476 1127 538 1190 sub
563 1128 696 1190 nomine
724 1127 938 1190 familiarium
958 1149 993 1192 se
1014 1127 1228 1192 dissimulans
1258 1136 1290 1192 et

262 1264 382 1306 usuras
400 1250 433 1306 et
452 1249 573 1306 sortem
596 1243 839 1326 expostulabat.
859 1245 896 1306 ln
916 1244 1031 1326 primis
1052 1245 1176 1307 Brutus
1194 1246 1288 1308 Cice-

262 1360 334 1423 roni
361 1385 374 1415 «
405 1359 565 1442 majorem
597 1359 631 1421 in
665 1359 801 1422 modum
834 1359 1162 1423 commendaverat...
1193 1362 1290 1424 fami-

261 1477 359 1538 liares
392 1476 554 1558 quosdam
583 1475 764 1538 creditores
799 1475 1057 1539 Salaminiorum
1094 1497 1134 1539 ex
1169 1478 1288 1560 Cypro,

262 1593 305 1654 M.
331 1592 502 1674 Scaptium
520 1597 553 1654 et
574 1593 611 1654 P.
630 1591 822 1655 Matinium¹
845 1619 873 1667 »,
892 1592 1109 1675 libellumque
1137 1593 1289 1656 Ciceroni

262 1709 396 1772 miserat
408 1735 422 1766 a
433 1709 467 1770 in
478 1728 545 1790 quo
556 1714 644 1771 erat:
659 1709 830 1771 Salaminii
837 1711 1003 1792 pecuniam
1016 1709 1127 1771 delent
1136 1711 1179 1772 M.
1191 1709 1289 1792 Scap·
1333 1718 1335 1722 ’

264 1827 305 1886 tio
335 1834 363 1886 et
391 1825 429 1886 P.
455 1825 598 1902 Matium,
627 1824 839 1905 familiaribus
859 1827 971 1886 meis...
998 1831 1030 1888 et
1059 1827 1156 1907 quasi
1181 1825 1290 1888 calcar

263 1940 469 2014 admovebat,
481 1940 707 2003 intercessisse
717 1961 751 2002 se
761 1960 821 2022 pro
831 1940 872 2002 iis
883 1960 1039 2022 magnam
1051 1942 1246 2022 pecuniam²
1259 1968 1286 2001 n.

264 2057 379 2120 Cicero
406 2082 420 2114 a
456 2057 645 2119 confecerat
673 2062 710 2118 ut
735 2055 900 2124 solverent
924 2057 1113 2118 centesimis
1142 2056 1289 2118 sexennii

263 2172 372 2235 ductis
387 2193 464 2235 cum
479 2173 691 2235 renovatione
707 2171 916 2255 singulorum
931 2192 1106 2234 annorum.
1124 2173 1167 2234 At
1187 2172 1289 2254 Scap-

263 2289 328 2350 tius
348 2295 525 2370 quaternas
549 2289 737 2372 postulabat
761 2315 788 2350 n.
811 2290 896 2351 Tum
922 2289 1045 2352 Brutus
1065 2288 1227 2371 paulatim
1253 2308 1289 2350 se

263 2404 367 2486 aperit
395 2411 496 2487 atque
522 2403 700 2486 aliquando
736 2405 892 2488 Scaptius
920 2405 1073 2467 Ciceroni
1105 2431 1118 2462 «
1147 2405 1288 2486 impegit

264 2520 435 2603 epistolam
452 2521 547 2582 Bruti
565 2547 592 2596 »‚
608 2520 724 2602 inqua
745 2527 813 2583 erat
832 2547 847 2577 «
868 2541 936 2583 rem
956 2521 1046 2583 illam
1065 2541 1125 2583 suo
1142 2520 1289 2602 periculo

264 2655 335 2698 esse
347 2661 378 2713 »3
392 2636 493 2718 quod,
503 2642 541 2698 ut
551 2635 666 2698 scribit
677 2636 792 2698 Cicero
803 2637 925 2714 Attico,
940 2662 955 2694 «
972 2657 1033 2698 nec
1045 2637 1125 2698 mihi
1140 2656 1288 2718 unquam

265 2753 388 2814 Brutus
403 2752 540 2824 dixerat,
557 2771 619 2814 nec
634 2751 694 2814 tibi
711 2778 738 2826 n,
761 2751 979 2832 miraturque,
993 2753 1238 2833 confiteturque
1254 2771 1288 2813 se

264 2868 438 2950 deceptum
461 2868 565 2930 fuisse
586 2867 638 2929 his
657 2867 765 2929 verbis
794 2887 800 2929 :
832 2866 962 2943 «Quod
985 2867 1078 2928 video
1105 2866 1163 2927 tibi
1191 2866 1289 2928 etiam

264 3004 385 3046 novum
407 2983 580 3059 accidisse,
611 2990 770 3065 tanquam
797 2983 887 3044 mihi.
920 2982 1098 3064 Nunquam
1131 2981 1217 3044 enim
1251 3001 1291 3044 ex

265 3100 320 3162 illo
338 3099 448 3163 audivi
463 3100 553 3162 illam
568 3101 743 3183 pecuniam
758 3119 830 3162 esse
842 3119 936 3162 suam
947 3101 969 3160 ³.
990 3125 1003 3156 »

306 3215 496 3278 Notandum
521 3222 572 3278 est
597 3215 687 3298 quod
719 3216 859 3278 Romani
887 3215 976 3276 cives
1000 3228 1038 3276 ea
1065 3213 1198 3296 negotia
1227 3213 1292 3295 ple-

267 3352 406 3415 rumque
420 3352 487 3394 non
500 3337 612 3414 aperte
624 3332 792 3394 faciebant
803 3333 867 3414 (lex
877 3331 965 3394 enim
978 3330 1140 3411 vetabat),
1152 3328 1292 3391 libenter

268 3447 459 3528 quaerebant
478 3467 576 3530 quem
597 3447 659 3509 sibi
675 3446 928 3530 praetenderent,
945 3446 992 3507 illi
1012 3443 1176 3528 quidquid
1196 3443 1291 3506 dede·

269 3564 355 3626 coris
385 3570 465 3640 erat,
499 3564 561 3626 sibi
589 3570 737 3646 quaestus
768 3563 994 3645 adsignantes
1032 3561 1164 3644 lmperii
1194 3561 1292 3622 etiam

303 3826 323 3872 l.
338 3824 379 3874 Ad
390 3827 518 3889 Atticum,
531 3827 560 3884 V.
580 3829 619 3888 21,
633 3829 646 3888 S
664 3830 702 3878 lt.

301 3898 324 3944 2.
343 3895 422 3956 Idem,
436 3898 480 3960 Vl,
498 3901 519 3960 l,
535 3901 584 3961 55.

302 3969 325 4015 3.
344 3965 422 4030 leid,
436 3970 463 4031 ss
481 3973 494 4018 5
513 3975 539 4019 ct
557 3972 580 4018 a.
602 3971 641 4020 Cf.
663 3971 745 4020 etiam
765 3971 867 4032 quibus
885 3971 936 4018 viis
954 3971 1018 4020 Cato
1040 3969 1127 4030 major
1151 3967 1294 4029 pecuniam

272 4037 381 4089 nautico
396 4040 499 4090 foenore
514 4055 638 4092 exercere
656 4044 756 4091 soleret
776 4056 823 4104 per
839 4042 977 4092 libertum.
995 4040 1086 4104 (plut,
1099 4040 1173 4100 Cato,
1187 4037 1264 4098 XXI.)
