3080 5034
296 603 332 659 Ob
608 600 763 665 QUOMODO
786 601 851 654 Pllll
873 601 1003 657 SllllVOS

296 751 337 812 nd
358 750 434 811 tuuc
461 747 555 830 tepem
579 767 640 808 uon
658 747 794 829 pertinet
815 767 823 809 τ
845 749 990 829 quonium
1011 769 1120 832 operer
1137 750 1315 833 prestando

296 874 398 949 potest
415 863 550 925 liberari.
562 862 649 924 Idem
665 861 833 924 Octauenus
844 864 975 946 probem
988 874 1016 926 et
1031 863 1158 947 adjicit:
1173 865 1316 947 Obligare

300 981 358 1043 sibi
375 980 529 1054 libertum,
545 989 577 1039 ut
593 978 758 1040 mercedem
772 999 934 1061 operarum
948 981 1061 1063 cupiat,
1076 981 1103 1042 ie
1117 982 1313 1064 intemetum,

297 1097 351 1180 qui
367 1097 422 1158 boc
434 1095 533 1157 sotum
549 1096 624 1176 epit,
639 1105 673 1156 ut
689 1096 796 1177 utique
805 1096 968 1158 mercedem
983 1098 1100 1180 capiat,
1117 1099 1246 1160 etiamsi
1260 1100 1315 1160 cub

295 1213 387 1276 titulo
400 1232 564 1295 operarum
577 1231 644 1272 eam
658 1211 828 1293 stipulatus
839 1212 936 1292 suerit
945 1216 965 1274 ¹.
979 1237 994 1269 u

342 1328 487 1392 Pecunia
508 1325 642 1409 quidem
659 1347 726 1390 non
743 1327 865 1389 intuitu
885 1347 1046 1411 personae,
1064 1329 1114 1391 vel
1133 1329 1242 1392 dantis
1264 1330 1315 1393 vel

297 1443 504 1528 accipientis
521 1441 675 1504 aestimari
690 1447 814 1524 potest;
836 1443 991 1506 omnibus
1010 1444 1096 1506 enim
1117 1446 1315 1508 conveniens

296 1568 363 1636 est,
380 1566 413 1623 et
434 1559 475 1622 ad
494 1558 605 1621 omnia
625 1579 702 1620 oum
724 1559 881 1640 prodesse
905 1565 1016 1642 queat,
1038 1560 1079 1623 ad
1100 1561 1224 1624 nullam
1245 1582 1313 1624 rem

296 1675 508 1759 singulariter
518 1673 632 1736 reterri
643 1679 763 1754 potest,
774 1673 849 1736 ideo
860 1695 926 1737 non
936 1681 1126 1757 praenotatae
1141 1697 1314 1760 operarum

295 1790 475 1855 definitioni
496 1789 681 1873 respondet.
698 1789 932 1853 Jurisconsulti
954 1790 1016 1853 hae
1040 1791 1175 1874 antiqua
1199 1792 1314 1854 defini-

295 1907 386 1969 tione
406 1906 483 1968 freti
503 1905 704 1968 obstiterunt
722 1905 901 1988 quominus
918 1907 1047 1989 patroni
1066 1927 1238 1991 operarum
1253 1929 1313 1970 no-

297 2023 384 2086 mine
400 2043 439 2085 ex
454 2021 582 2084 libertis
597 2020 755 2104 pecunias
770 2020 892 2084 directe
908 2028 1074 2104 caperent.

337 2141 384 2202 Ex
404 2138 518 2201 eadem
545 2138 737 2200 definitione
757 2137 845 2200 aliud
875 2137 1075 2220 sequebatur
1095 2139 1196 2221 quod,
1217 2140 1315 2203 certis

298 2255 441 2328 casibus,
459 2253 614 2316 obstabat
633 2254 811 2335 quominus
831 2273 940 2337 operae
954 2255 1088 2318 omnino
1103 2262 1312 2340 peterentur:

297 2397 311 2428 «
332 2371 527 2451 Rescriptum
543 2379 586 2430 est
602 2390 620 2429 u
635 2369 704 2430 diuo
717 2369 889 2444 Hadriano,
902 2379 930 2430 et
945 2369 1096 2452 deinceps,
1113 2392 1227 2433 cessure
1241 2391 1313 2455 ope-

295 2505 401 2545 rarum
415 2484 655 2566 persecutionem
670 2483 813 2544 adversus
828 2505 906 2558 eum,
924 2485 977 2566 qui
996 2505 1033 2546 en
1052 2506 1144 2548 causa
1158 2487 1314 2568 fideicom-

295 2601 380 2661 missi
393 2599 612 2661 adtibertetem
623 2599 793 2683 perductus
808 2611 850 2662 est
862 2602 882 2664 ².
897 2626 912 2656 u

336 2715 487 2778 Diximus
510 2721 621 2778 autem
646 2735 758 2778 servos
784 2717 817 2778 in
847 2718 1130 2801 negotiationibus
1151 2719 1315 2782 adhibitos

297 2832 477 2916 saepissime
497 2853 556 2915 per
576 2831 866 2896 fideicommissum
896 2835 1095 2898 manumitti.
1120 2835 1216 2913 Quod
1245 2834 1315 2898 fieri

296 2948 423 3012 solebat
439 2948 516 3030 quia
541 2948 695 3011 dominus
717 2949 883 3031 usquead
905 2957 1045 3014 mortem
1069 2972 1181 3014 eorum
1202 2952 1313 3014 minis·

295 3064 377 3127 terio
392 3064 441 3127 uti
457 3064 622 3146 cupiebat,
640 3070 669 3127 et
689 3065 766 3147 quia
783 3065 845 3128 sub
861 3067 1049 3130 conditione
1064 3068 1228 3130 rationum
1244 3067 1314 3131 red·

299 3179 481 3243 dandarum
498 3181 685 3242 manumitti
701 3181 862 3244 solebant.
877 3183 1060 3266 Oportebat
1078 3183 1181 3267 igitur
1194 3183 1234 3246 ad
1253 3185 1313 3246 has

294 3297 438 3359 rationes
453 3295 662 3378 accipiendas
677 3317 752 3359 eum
768 3298 845 3380 eligi
863 3299 920 3381 qui
935 3299 1015 3362 huie
1030 3300 1156 3376 muneri
1175 3299 1314 3363 idoneus

294 3418 390 3488 essct,
404 3411 471 3475 sive
480 3413 575 3474 heres
583 3418 662 3489 erat,
673 3413 742 3476 sive
757 3413 841 3476 alius
855 3415 1000 3497 peritior.
1012 3414 1199 3498 Saepissime
1213 3416 1313 3479 etiam

276 3526 394 3589 ¹dilata
426 3532 496 3589 erat
523 3526 657 3590 libertas
683 3528 788 3591 donec
810 3529 924 3611 junior
951 3529 1038 3592 tilius
1066 3530 1108 3609 ad
1137 3531 1313 3595 firmiorem

293 3648 422 3706 etatem
436 3643 630 3724 perveniret,
648 3649 685 3705 ut
695 3644 765 3726 jam
780 3645 978 3708 notavimus

323 3921 346 3970 r.
360 3920 402 3980 n,
419 3921 472 3981 xe,
487 3925 510 3980 s,
527 3923 565 3982 m,
580 3923 607 3985 ss
620 3924 632 3971 r
646 3926 673 3972 et
684 3925 708 3971 e.

322 3991 346 4042 2.
363 3992 404 4050 n,
419 3992 554 4054 xxxvnt‚
571 3995 593 4050 r,
604 3997 628 4052 r,
640 3995 653 4054 s
667 3997 690 4042 i.
