3080 5034
337 584 373 638 l8
755 577 939 632 PROOEtttt'tt

337 728 396 792 tati
411 727 444 788 in
462 725 705 808 negotiationes
724 729 871 786 ruerunt.
889 724 1020 802 Quibus
1038 727 1149 789 causis
1160 715 1387 791 'addendum

337 849 399 916 est,
428 841 558 904 illarum
591 840 762 923 regionum
794 840 910 922 majori
940 842 972 902 in
1002 849 1105 926 parte,
1134 844 1385 907 Christianam
1507 852 1508 863 ยน

340 959 531 1042 religionem
546 957 791 1020 Reformatione
806 957 851 1018 ita
866 957 1018 1020 inllexam
1035 959 1137 1022 luisse
1152 966 1189 1022 ut
1204 961 1385 1024 utilitatis

335 1096 416 1138 cura
430 1081 464 1138 et
477 1075 664 1137 divitiarum
680 1074 866 1156 persecutio
881 1075 1039 1156 majorem
1054 1075 1213 1139 haberent
1227 1085 1380 1159 partem

334 1194 367 1255 in
382 1193 448 1255 vita
463 1191 592 1254 illorum
609 1189 807 1274 populorum
823 1211 892 1253 suae
905 1199 1015 1253 tamen
1030 1192 1199 1274 religionis
1214 1195 1379 1256 retinen-

316 1311 425 1373 tium.

374 1427 448 1489 Non
463 1425 567 1508 igitur
581 1422 677 1485 lacile
694 1422 886 1506 accipienda
906 1429 956 1486 est
970 1423 1025 1486 illa
1044 1424 1155 1507 opinio
1176 1447 1253 1508 quae
1279 1448 1376 1490 con-

333 1542 439 1606 tendit
472 1543 639 1603 Romanos
662 1558 786 1621 eosque
809 1540 867 1622 qui
894 1539 1025 1602 illorum
1051 1543 1214 1624 sanguine
1237 1544 1313 1604 orti
1336 1550 1373 1606 et

329 1657 487 1739 exemplis
504 1655 658 1717 instructi
677 1662 756 1718 sunt
775 1657 1015 1738 negotiationes
1033 1657 1108 1720 ideo
1127 1663 1368 1736 contemnere,

329 1773 386 1837 scd
402 1771 583 1834 notandum
603 1777 651 1833 est
673 1773 798 1847 Romae,
815 1772 902 1834 sicut
920 1772 1008 1855 apud
1027 1793 1100 1848 nos,
1117 1773 1285 1838 similibus
1311 1776 1368 1838 vel

331 1889 431 1952 etiam
449 1886 665 1949 dissimilibus
684 1888 794 1949 causis
811 1887 845 1949 id
864 1888 1026 1951 accidisse
1048 1895 1086 1951 ut
1109 1891 1366 1972 negotiationes

327 2004 464 2068 minoris
492 2003 703 2066 haberentur.
730 2004 803 2080 Qua
827 2004 861 2065 in
885 2005 1059 2079 sententia,
1084 2005 1145 2068 etsi
1168 2005 1361 2069 admodum

329 2119 545 2204 vituperanda
581 2125 614 2181 et
653 2119 780 2181 civibus
812 2119 1041 2182 civitatibusve
1074 2121 1218 2202 quodam
1247 2123 1360 2186 modo

327 2237 449 2300 damno
471 2243 532 2312 est,
553 2236 756 2319 contemptio
775 2234 926 2317 quaedam
948 2256 1060 2298 earum
1085 2257 1289 2320 rerumquae
1310 2239 1356 2301 ad

326 2359 491 2435 quaestum
519 2351 750 2414 tantummodo
778 2351 956 2435 proliciunt
983 2352 1079 2427 inest,
1107 2374 1181 2435 quae
1211 2355 1355 2436 quidem

325 2466 499 2530 laudabilis
514 2467 705 2549 reperietur.
