3080 5034
648 625 832 680 PlltltlllllUM
1233 623 1248 675 5

230 769 312 830 Cum
334 768 512 831 Sallustius
531 769 565 830 in
585 768 671 830 bello
690 767 893 850 Jugurthino
909 766 1023 829 Cirtae¹
1041 765 1246 828 obsidionem

228 890 350 959 narrat,
374 885 525 947 futurum
552 884 655 946 fuisse
684 890 721 946 ut
749 881 907 966 oppidum
931 886 1106 964 caperetur
1133 881 1243 957 relert,

228 1024 242 1055 «
260 1000 293 1060 ni
309 999 487 1063 multitudo
506 1005 697 1084 togatorum
718 999 835 1064 luisset
849 1024 876 1076 »,
900 1018 975 1060 mox
991 996 1106 1060 scribit
1123 1019 1129 1060 :
1149 1023 1163 1054 α
1186 997 1247 1058 lta-

225 1113 279 1176 lici
291 1136 433 1197 quorum
444 1115 565 1178 virtute
573 1116 694 1180 moenia
706 1115 1002 1179 defensabantur...
1017 1140 1044 1189 n,
1057 1113 1131 1176 dein
1143 1112 1244 1187 addit,

225 1230 392 1294 deditione
407 1233 495 1294 sacta
513 1252 520 1294 :
539 1258 553 1289 α
572 1233 590 1296 J
594 1233 775 1316 ugurtha...
793 1251 907 1293 omnes
927 1230 1064 1313 puberes
1083 1228 1244 1292 Numidas

226 1353 326 1429 atque
359 1347 582 1430 negotiatores
616 1347 814 1432 promiscue,
845 1347 892 1410 uti
923 1346 1065 1428 quisque
1096 1349 1244 1406 armatus

226 1462 344 1525 obvius
365 1464 483 1540 suerat,
506 1462 682 1526 interficit²
709 1489 735 1524 ».
763 1463 811 1524 Ex
834 1483 900 1545 quo
927 1460 1177 1544 intelligendum
1202 1464 1252 1521 est

226 1599 311 1661 quos
334 1604 348 1636 «
375 1584 519 1662 togatos
542 1579 675 1644 Italicos
699 1605 713 1636 »
737 1585 845 1658 vocat,
868 1577 1001 1640 eosdem
1025 1576 1247 1662 negotiatores

226 1715 297 1758 esse
313 1700 345 1756 et
369 1716 408 1757 ex
429 1715 551 1778 magno
574 1695 663 1776 quod
686 1694 728 1758 ad
759 1693 882 1756 bellum
911 1694 1052 1758 allerunt
1079 1696 1247 1754 momento

227 1829 342 1873 eorum
357 1830 532 1872 numerum
548 1831 748 1894 praesumere
763 1830 953 1892 possumus,
989 1841 992 1874 :

269 1927 305 1988 ln
335 1925 587 2008 longinquiores
615 1927 714 1988 etiam
743 1926 894 2008 regiones
927 1925 1150 2008 negotiatores
1181 1944 1247 1986 non

228 2041 337 2103 minus
360 2040 595 2103 confluebant:
621 2042 657 2102 In
679 2041 964 2102 Marcomanorum
985 2039 1120 2102 castello
1139 2066 1154 2096 «
1172 2058 1249 2100 nos-

228 2157 297 2231 tris,
328 2155 373 2217 ait
407 2155 554 2232 Tacitus,
587 2176 604 2218 e
635 2155 813 2238 provinciis
847 2155 920 2218 lixae
953 2175 991 2218 ac
1024 2154 1247 2237 negotiatores

227 2271 360 2355 reperti;
378 2291 464 2354 quos
475 2271 532 2354 jus
547 2271 748 2346 commercii,
766 2270 842 2333 dein
858 2271 978 2354 cupido
993 2270 1136 2354 augendi
1151 2291 1249 2354 pecu·

226 2387 326 2460 niam,
358 2391 561 2469 postremum
593 2385 714 2449 oblivio
752 2387 877 2468 patriae,
913 2386 982 2448 suis
1015 2405 1180 2468 quemque
1209 2383 1250 2447 ab

227 2501 361 2564 sedibus
383 2501 536 2565 hostilem
552 2502 585 2564 in
601 2522 719 2584 agrum
735 2502 931 2565 transtulit»
945 2505 968 2564 ³.

267 2617 304 2678 ln
327 2617 498 2680 Britannia
519 2643 533 2675 ι(
557 2637 657 2699 quam
675 2617 811 2680 avaritia
830 2618 1055 2700 procuratoris
1073 2617 1106 2679 in
1127 2616 1250 2679 bellum

158 2787 161 2797 .
226 2739 383 2814 egerat»,
400 2733 536 2795 Tacitus
555 2733 641 2794 hanc
662 2733 776 2794 urbem
793 2734 914 2796 nostris
929 2733 1133 2815 temporibus
1148 2751 1248 2814 nego-

226 2847 419 2911 tiationibus
434 2847 653 2921 notissimam,
666 2846 875 2923 Londinium,
885 2848 930 2910 ita
946 2847 1072 2931 pingit:
1087 2873 1101 2902 (ι
1118 2849 1246 2930 Cogno-

225 2970 336 3028 mento
352 2963 485 3046 quidem
506 2963 645 3026 coloniae
663 2984 729 3026 non
748 2963 889 3045 insigne,
907 2961 964 3025 sed
983 2963 1079 3045 copia
1098 2962 1247 3044 negotia-

225 3086 334 3143 torum
360 3085 393 3141 et
418 3085 663 3142 commeatuum
681 3079 823 3142 maxime
842 3078 970 3141 celebre
991 3104 1018 3153 »,
1035 3077 1192 3161 additque
1211 3078 1244 3139 in

225 3196 289 3258 hoc
312 3195 398 3257 bello
425 3221 439 3252 «
464 3194 506 3256 ad
530 3195 739 3278 septuaginta
762 3195 862 3257 millia
882 3194 1003 3256 civium
1023 3200 1055 3256 et
1079 3193 1245 3256 sociorum

225 3311 432 3385 cecidisse»,
451 3330 517 3392 quo
533 3330 670 3372 numero
691 3331 756 3372 uon
778 3310 989 3372 continentur
1007 3310 1138 3387 milites,
1155 3330 1242 3386 nam,

226 3434 263 3491 ut
284 3425 529 3500 animadvertit,
552 3453 567 3484 n
592 3425 724 3488 barbari
750 3426 946 3489 omittebant
975 3426 1109 3488 castella
1138 3426 1248 3508 praesi-

226 3543 346 3625 diaque
375 3541 634 3606 militarium».
666 3542 774 3625 Ipsius
803 3542 968 3605 Hiberniae
999 3568 1014 3601 «
1043 3541 1152 3604 aditus
1173 3562 1248 3626 por·

258 3817 279 3864 l.
298 3816 476 3867 Constantine.
685 3875 690 3881 ,

258 3889 281 3936 2.
300 3888 337 3936 De
351 3887 425 3938 Bello
437 3887 648 3953 Juqurttinum
665 3895 691 3940 et
708 3893 746 3940 26.
757 3916 788 3926 —
802 3890 841 3940 Cl.
857 3891 939 3942 etiem
952 3892 1021 3942 Vell.
1038 3891 1150 3951 Patere,
1164 3889 1208 3950 XI,
1224 3891 1247 3936 2.

257 3959 280 4006 3.
296 3957 426 4022 Annales,
440 3959 472 4021 11,
489 3962 527 4010 62.
543 3961 615 4010 -ln
631 3962 769 4012 Pannonia
786 3963 864 4026 (Velt.
881 3963 994 4024 Patere,
1014 3961 1063 4024 CX,
1077 3963 1111 4024 6).

257 4031 281 4077 t.
296 4029 424 4092 Annales,
439 4031 505 4089 XIV,
520 4034 558 4081 33.
