3080 5034
592 626 777 680 PllOOEMlllll
1161 632 1195 684 13

166 782 345 860 propterea
372 774 462 858 quod
488 779 520 835 et
548 792 675 834 ommes
707 772 777 834 vias
810 773 961 855 pecuniae
996 781 1130 848 norunt,
1163 781 1196 837 et

167 893 280 954 omnia
302 891 451 975 pecuniae
474 908 576 952 causa
598 887 738 962 faciunt,
759 894 803 963 et,
824 889 961 971 quicum
987 890 1107 953 victuri
1128 910 1196 952 non

167 1016 258 1085 sunt,
273 1009 345 1091 ejus
359 1006 593 1070 existimationi
609 1005 783 1068 consulere
800 1026 868 1067 non
884 1013 1002 1069 curant
1013 1008 1034 1070 ¹.
1051 1033 1066 1064 »
1080 1009 1196 1090 ltaque

165 1124 296 1202 Cicero,
312 1124 391 1186 dum
409 1121 614 1207 provinciam
634 1121 897 1196 administrabat,
921 1143 997 1184 cum
1018 1143 1036 1184 a
1058 1122 1195 1185 familia-

164 1239 259 1304 ribus
286 1239 467 1323 rogabatur
493 1244 529 1300 ut
558 1257 673 1300 eorum
694 1237 810 1300 amicis
838 1238 1076 1300 Praelecturam
1101 1238 1194 1301 daret

164 1375 296 1439 semper
314 1353 559 1438 respondebat:
579 1379 593 1411 «
617 1353 743 1436 Negavi
764 1373 816 1415 me
837 1353 992 1436 cuiquam
1009 1354 1194 1436 negotianti

165 1471 278 1535 dare².
295 1498 309 1530 »

205 1589 285 1650 Haec
302 1593 380 1649 sunt
399 1585 645 1668 negotiatorum
665 1585 742 1646 vitia
767 1604 842 1666 quae
863 1583 905 1646 ad
924 1585 1070 1668 ipsarum
1092 1604 1192 1667 nego·

163 1703 340 1766 tiationum
369 1701 592 1764 conditionem
613 1701 778 1762 immerito
798 1701 849 1762 vel
877 1700 1009 1763 facilius
1033 1700 1192 1763 adscribit

163 1818 293 1882 Cicero.
316 1819 391 1879 Non
411 1823 522 1878 tamen
537 1816 579 1878 ad
599 1815 864 1898 negotiationum
885 1822 1114 1898 contemptum
1135 1815 1192 1879 sed

163 1933 272 2016 magis
287 1932 329 1994 ad
348 1931 525 2014 probitatis
543 1930 676 1993 laudem
697 1936 847 2013 spectare
869 1931 1010 2008 videtur,
1025 1952 1101 1993 curn
1121 1933 1192 1993 haec

164 2046 377 2110 memoranda
399 2045 515 2110 scribit
537 2044 635 2107 verba
660 2065 667 2106 ε
695 2073 710 2101 a
740 2047 811 2108 Hoc
831 2045 1015 2108 secundum
1040 2053 1192 2108 naturam

164 2183 237 2225 esse
262 2163 428 2224 neminem
457 2161 490 2223 id
520 2180 629 2243 agere,
655 2166 690 2223 ut
716 2181 756 2222 ex
784 2161 922 2223 alterius
951 2161 1118 2244 praedetur
1145 2161 1193 2223 in-

164 2277 323 2341 scientia³
349 2304 377 2352 »,
403 2283 545 2352 etcum,
568 2276 719 2359 pluribus
748 2276 907 2359 exemplis
936 2277 1059 2350 relatis
1085 2277 1191 2359 iisque

162 2393 271 2456 verbis
283 2393 357 2475 jure
370 2392 507 2456 sancitis
523 2413 560 2453 ea
574 2391 636 2475 fide
652 2391 731 2453 bona
751 2391 942 2474 talibusque
962 2412 1036 2474 quae
1058 2398 1095 2454 ut
1107 2392 1190 2454 veri·

163 2509 240 2571 tatis
256 2509 404 2592 exempla
419 2507 585 2590 proponit,
603 2507 674 2569 haec
694 2506 786 2570 addit
810 2525 817 2567 :
845 2534 859 2564 α
885 2506 949 2570 Sed
970 2507 1065 2569 aliter
1084 2507 1185 2590 leges

164 2623 258 2686 aliter
272 2623 460 2706 philosophi
473 2622 596 2685 tollunt
611 2623 750 2685 astutias
767 2643 774 2684 :
787 2621 889 2704 leges,
907 2629 1072 2705 quatenus
1089 2644 1189 2686 man-u

164 2744 275 2800 tenere
294 2744 450 2822 possunt;
472 2737 672 2819 philosophi,
700 2743 865 2818 quatenus
893 2738 1021 2799 ratione
1043 2744 1075 2799 et
1099 2738 1191 2800 intel-

165 2851 311 2936 ligentia.
338 2853 434 2916 Ratio
463 2853 568 2935 igitur
595 2851 754 2934 postulat,
783 2872 824 2913 ne
850 2851 929 2933 quid
954 2851 1123 2924 insidiose,
1150 2874 1191 2915 ne

166 2971 244 3056 quid
259 2969 425 3045 simulate,
442 2989 483 3031 ne
496 2967 577 3050 quid
592 2967 754 3030 fallaciter
765 2987 798 3043 »;
816 2973 848 3029 et
861 2972 1038 3050 postquam
1054 2968 1191 3031 insidias

165 3107 278 3152 eorum
304 3086 361 3168 qui
385 3085 533 3148 vendunt
560 3105 637 3148 cum
665 3084 773 3167 plagis
802 3103 877 3165 quae
904 3084 982 3146 leris
1010 3083 1192 3147 tenduntur

166 3202 353 3286 composuit
381 3219 388 3261 :
420 3226 435 3258 «
468 3201 539 3263 Hoc
563 3220 754 3282 quanquam
778 3198 886 3276 vide0,
910 3199 1029 3282 inquit,
1058 3205 1192 3284 propter

167 3317 431 3401 depravationem
447 3315 711 3389 consuetudinis,
727 3335 835 3397 neque
851 3335 942 3378 more
953 3321 1049 3397 turpe
1064 3316 1188 3393 haberi,

166 3454 272 3516 neque
294 3439 353 3496 aut
374 3433 447 3515 lege
472 3431 605 3507 sanciri,
627 3437 684 3494 aut
701 3431 775 3513 jure
795 3431 883 3493 civili
905 3452 912 3494 ε
934 3437 1043 3494 tamen
1063 3438 1189 3495 naturae

167 3551 238 3633 lege
254 3549 420 3612 sancitum
443 3553 504 3610 est.
524 3547 675 3610 Societas
692 3547 779 3609 enim
793 3553 855 3623 est,
876 3547 1035 3610 latissime
1056 3549 1188 3629 quidem

170 3687 241 3749 quae
264 3669 386 3748 pateat,
411 3663 584 3726 hominum
608 3663 694 3724 inter
722 3662 887 3736 homines;
913 3662 1048 3725 interior
1075 3685 1189 3727 eorum

197 3877 219 3924 Ι.
234 3877 277 3925 Ad
292 3875 321 3936 Q.
338 3877 462 3940 fratrem,
476 3877 495 3938 l,
513 3878 575 3938 hgg
592 3879 615 3937 2,
634 3879 657 3936 Ι,
675 3879 713 3925 15.

196 3949 219 3996 2.
232 3947 273 3996 Ad
291 3948 418 4007 Atticum,
429 3947 463 4008 V,
477 3950 517 4008 ΙΙ,
532 3949 545 4009 S
560 3950 598 3997 10.

198 4020 221 4066 3.
234 4018 271 4066 De
287 4017 399 4081 Officiis,
415 4018 458 4079 ΙΙΙ,
476 4021 514 4068 ΙΙ.
