3080 5034
581 1438 869 1578 CONCLUSIO

254 2061 321 2138 Has
339 2073 472 2157 quidem
495 2071 695 2154 quaestiones
710 2071 752 2133 ad
773 2070 924 2134 homines
943 2077 1072 2137 tantum
1090 2075 1236 2142 historiae

214 2191 362 2255 curiosos
381 2189 543 2274 pertinere
561 2189 645 2250 forte
665 2185 826 2264 crederes,
843 2192 875 2250 et
889 2193 971 2270 puto
993 2203 1116 2269 servos,
1134 2195 1236 2277 siqui

213 2307 420 2371 nuncetiam
439 2305 614 2369 nobiseum
636 2304 669 2366 in
689 2303 768 2366 orbe
783 2309 943 2368 terrarum
963 2315 1147 2384 versantur,
1170 2331 1236 2374 non

212 2425 246 2487 in
269 2423 554 2508 negotiationibus
576 2420 736 2496 adhiberi,
755 2421 812 2484 sed
835 2423 942 2506 magis
970 2422 1073 2486 ineis
1099 2446 1237 2490 manua—

212 2541 298 2605 libus
317 2539 473 2624 operibus
493 2538 670 2621 inquibus
689 2537 818 2621 pristini
835 2539 993 2622 temporis
1013 2541 1097 2602 servi
1122 2543 1236 2606 Romae

212 2656 464 2720 adhibebantur.
503 2656 549 2717 Ea
577 2660 687 2716 tamen
724 2672 791 2715 non
825 2659 903 2716 sunt
929 2661 1008 2736 'quae
1043 2663 1236 2720 nostrorum

211 2778 397 2855 temporum
435 2768 695 2854 cogitationibus
727 2767 860 2851 penitus
893 2769 1000 2832 aliena
1035 2771 1234 2848 habeantur,

212 2909 289 2951 eum
308 2887 417 2951 adhuc
437 2891 605 2970 quaeratur
622 2893 697 2967 quae
720 2885 763 2947 sit
778 2883 869 2966 justa
889 2887 966 2968 pars
984 2885 1017 2947 in
1040 2893 1172 2968 quaestu
1197 2907 1236 2951 ex

211 3005 435 3088 negotiatione
450 3004 541 3066 facto
556 3001 830 3076 tribuendarum
845 3001 875 3064 ei
887 3001 944 3085 qui
957 3003 1095 3085 negotio
1111 3011 1236 3068 sortem

211 3121 373 3204 praestitit,
386 3127 457 3183 tum
479 3120 508 3182 ei
526 3119 583 3202 qui
602 3119 636 3180 in
655 3119 826 3201 negotium
843 3137 976 3200 operam
992 3118 1060 3182 sive
1082 3120 1236 3183 manibus

213 3238 281 3300 sive
320 3241 429 3300 mente
468 3234 643 3319 impendit.
681 3234 906 3297 Romanorum
943 3234 1129 3317 exemplum
1169 3255 1236 3300 non

212 3352 408 3416 imitandum
447 3351 692 3435 proposuimus
729 3349 786 3413 sed
820 3349 1092 3433 cognoscendum
1127 3351 1237 3414 existi·

212 3488 354 3532 mamus.
786 3468 790 3474 '

253 3584 368 3667 Neque
385 3584 473 3648 enim
490 3583 646 3668 possibile
665 3588 726 3659 est,
743 3583 810 3645 imo
825 3602 887 3645 neo
901 3581 1027 3645 bonum
1044 3581 1134 3646 illam
1149 3592 1237 3646 oeeoss

213 3701 377 3764 uomicam
406 3700 599 3764 societatem
629 3699 671 3762 ad
697 3699 753 3781 jus
777 3703 882 3761 totam
913 3698 1042 3774 reserri;
1064 3698 1154 3782 apud
1174 3715 1237 3761 nos

214 3817 311 3880 etiam
335 3817 391 3899 qui
411 3816 545 3900 negotio
565 3835 699 3899 operam
717 3814 785 3890 dat,
799 3815 1004 3878 oeconomica
1023 3815 1150 3878 ratione
1165 3814 1237 3896 ejus

215 3933 272 4016 qui
293 3932 418 4016 negotii
444 3937 565 3995 sortem
589 3931 742 4016 praestitit
763 3936 812 3993 est
835 3931 946 4006 socius,
960 3929 1102 4012 juridica
1125 3936 1237 3992 autem

215 4047 341 4111 ratione
355 4067 489 4131 operam
504 4047 603 4122 locat;
619 4045 775 4128 illamque
792 4045 872 4109 faeti
891 4050 924 4108 et
934 4045 1020 4128 juris
1035 4043 1234 4150 disepniigm
