3080 5034
492 646 784 703 Nuuorlauunruu
805 648 937 702 nouum
1032 723 1036 729 Ι
1199 653 1235 705 67

254 791 338 854 Fieri
353 794 451 854 etiam
467 798 597 876 poterat
612 799 650 856 ut
664 814 702 857 ea
713 814 807 856 mens
822 793 947 856 domini
962 796 1050 857 esset
1065 796 1236 878 negotium

212 907 301 990 quod
321 907 457 990 gerebat
476 928 603 985 servus,
620 929 686 972 non
708 908 833 972 domini
852 915 958 972 morte
980 910 1092 973 statim
1111 917 1238 993 pertur-

212 1023 294 1098 bari,
316 1043 390 1086 cum
417 1024 619 1088 existimaret
641 1031 750 1088 tractu
770 1024 916 1108 quodam
942 1027 1100 1109 temporis
1122 1027 1155 1089 id
1167 1033 1238 1090 tan-

212 1140 385 1202 tummodo
400 1140 441 1202 ad
457 1147 866 1226 eventumperveuturum‚
881 1147 939 1204 aut
947 1142 1053 1224 magis
1067 1142 1237 1206 lucrosum

213 1256 294 1318 sore.

255 1371 314 1433 His
338 1371 494 1435 omnibus
520 1392 560 1434 ex
585 1372 696 1436 causis
719 1377 753 1435 et
774 1372 858 1434 sorte
877 1391 917 1434 ex
941 1371 1143 1454 quibusdam
1166 1373 1241 1436 aliis

213 1485 301 1549 idem
332 1487 539 1570 sequebatur
570 1494 606 1550 ut
636 1487 824 1551 libertatem
858 1506 916 1570 per
948 1487 1241 1552 fideicommissum

216 1603 318 1666 servis
353 1604 410 1685 qui
440 1604 686 1688 negotiationes
717 1603 913 1666 exercebant
943 1603 1138 1687 plerumque
1171 1605 1240 1668 dari

215 1719 352 1795 soleret3
391 1739 452 1782 nec
489 1720 659 1782 notatione
699 1719 874 1802 indignum
914 1719 1062 1794 videtur,
1100 1721 1240 1803 Imperio

216 1836 366 1898 Romano
381 1825 529 1908 ineunte,
545 1835 801 1898 fideicommissa
816 1835 861 1898 ita
882 1835 1066 1898 excrevisse
1086 1842 1123 1898 ut
1135 1857 1241 1899 novus

214 1949 444 2042 institueretur
458 1956 580 2034 praetor
599 1951 656 2033 qui
675 1950 979 2033 fideicommissurius
998 1949 1181 2026 dicebatur,
1201 1971 1240 2013 eo

215 2066 288 2149 ipso
308 2071 456 2149 tempore
475 2086 553 2148 quo,
568 2065 851 2148 negotiationibus
871 2064 1110 2144 crescentibus,
1127 2086 1241 2127 nume-

216 2204 275 2246 rus
288 2203 471 2259 servorum,
485 2185 555 2266 qui,
572 2199 648 2246 cum
663 2183 696 2245 in
715 2183 763 2246 eis
780 2182 919 2246 adhibiti
937 2189 1058 2260 essent,
1074 2203 1132 2266 per
1151 2182 1241 2245 fidei-

216 2299 431 2362 commissum
447 2300 569 2383 saepius
583 2299 916 2374 manumittebantur,
928 2299 1027 2361 simul
1042 2305 1198 2362 creverat.

257 2416 364 2498 Igitur
387 2417 455 2479 sive
477 2436 653 2499 operarum
679 2420 832 2478 naturam
854 2421 1057 2498 spectamus
1079 2415 1147 2478 sive
1171 2416 1240 2478 vias

217 2532 340 2614 quibus
360 2531 590 2595 tantummodo
609 2531 734 2614 imponi
754 2537 918 2614 poterant,
935 2528 1046 2594 minus
1066 2532 1241 2595 convenire

217 2648 371 2712 videntur
384 2669 461 2711 cum
477 2639 668 2711 conditione
687 2667 801 2710 eorum
820 2647 877 2729 qui
893 2647 1137 2730 negotiationes
1154 2668 1242 2710 exer·

218 2765 349 2837 cebant,
380 2784 562 2847 eorumque
589 2764 646 2846 qui
675 2761 750 2825 iilos
775 2761 994 2837 adhibebant,
1018 2763 1087 2825 sive
1115 2763 1241 2825 domini

217 2887 321 2958 erant,
332 2881 400 2944 sive
411 2879 556 2964 patroni;
568 2879 681 2962 itaque
691 2879 733 2942 ad
744 2883 894 2941 nostrum
905 2877 1111 2962 propositum
1124 2898 1241 2961 parum

217 2998 368 3060 attinent.

257 3231 410 3292 Attamen
426 3227 569 3310 legimus
581 3224 670 3288 haud
687 3219 788 3288 semel
803 3230 962 3308 patronos
976 3223 1102 3286 libertis
1117 3223 1150 3286 id
1166 3243 1243 3307 ope-

219 3367 328 3410 rarum
351 3345 483 3408 nominc
507 3342 706 3425 imposuisse
722 3347 761 3404 ut
781 3361 918 3424 peregre
942 3339 1241 3423 proficiscerentur,

218 3460 455 3544 negotiationis
470 3478 583 3534 causa,
602 3463 639 3520 ut
658 3455 924 3540 insequentibus
944 3456 1085 3518 refertur
1105 3476 1112 3518 :
1132 3482 1147 3513 «
1165 3456 1242 3519 Cum

218 3577 345 3660 quidam
375 3577 518 3637 libertum
546 3594 635 3636 suum
664 3575 698 3634 iu
725 3574 834 3635 Asiam
862 3571 990 3633 misisset
1015 3573 1057 3634 ud
1081 3592 1243 3655 purpuras

219 3693 359 3754 emendos
370 3700 431 3756 ¹....
442 3727 481 3736 -
496 3690 533 3753 Si
555 3701 658 3751 tomen
674 3689 803 3750 tibertus
818 3687 986 3769 artificium
1009 3699 1159 3762 coerceat,
1176 3689 1243 3770 ejus

219 3829 339 3892 quoque
358 3827 467 3890 operas
481 3815 614 3890 patrono
627 3815 778 3888 praestare
797 3803 925 3878 debebit,
943 3813 971 3864 et
993 3804 1019 3864 si
1036 3813 1109 3886 post
1131 3825 1241 3864 monu-

252 4057 273 4103 1.
286 4056 329 4116 D.‚
342 4055 455 4115 XXXIV,
472 4057 496 4104 2.
510 4056 532 4103 t.
