3080 5034
348 563 385 631 aa
650 560 813 637 cuonone·
828 561 893 628 rra
916 575 1045 629 suavos

349 721 557 794 dicebantur,
567 743 582 776 «
592 718 1008 802 qui‚utsignifioantissime
1016 721 1289 800 antoninianus,
1301 725 1371 785 lieet

349 838 490 900 altiheri
507 837 602 899 vitum
616 856 704 897 auom
714 836 918 919 peruqebuuq
933 847 1070 898 attamen
1089 839 1157 920 ipro
1178 840 1288 900 ultimo
1306 842 1371 922 api-

347 953 515 1016 ritusimul
526 954 760 1034 uraimumutque
768 951 938 1013 libertatem
947 941 1144 1016 aurittebunt¹
1155 981 1181 1018 n.
1197 957 1279 1033 Quae
1289 976 1369 1018 eon-

345 1071 426 1133 ditio
436 1068 614 1152 legeJunia
627 1055 782 1132 Norbana
790 1067 930 1134 ssdefinita
939 1074 1018 1131 erat.
1031 1062 1124 1132 lllam
1135 1069 1240 1153 legem
1251 1079 1367 1136 nostro

343 1186 514 1270 proposito
538 1183 673 1246 omnino
697 1183 839 1246 alienam
861 1183 1192 1267 immeritoputares
1214 1189 1366 1268 quamvis

343 1303 417 1366 aliis
435 1302 533 1364 etiam
552 1299 761 1382 publicisque
778 1299 961 1382 praesertim
981 1300 1091 1362 causis
1109 1321 1181 1364 cam
1199 1303 1364 1385 imputare

340 1419 448 1481 liceat.
467 1419 583 1498 ltaque
602 1414 642 1476 de
663 1413 803 1478 ea-illius
826 1413 910 1496 legis
930 1435 1030 1478 eausa
1055 1437 1130 1499 quae
1149 1416 1191 1480 ad
1211 1424 1362 1482 nostrum

340 1533 549 1618 propositum
564 1517 926 1594 inierastdisseremus.

380 1649 506 1711 Priscis
517 1647 649 1729 quidem
664 1632 867 1728 temporibus
882 1645 1048 1728 peculium
1063 1645 1223 1710 libertatis
1240 1649 1362 1732 pignus

340 1771 372 1827 et
387 1784 489 1826 causa
500 1782 594 1825 servo
612 1767 696 1836 erat3
714 1782 803 1839 cum,
820 1748 1052 1824 crescentibus·
1065 1750 1357 1846 negotiationibus

338 1880 380 1944 ad
404 1880 505 1943 alium
518 1867 630 1941 usum
654 1898 852 1942 conversum
879 1883 939 1954 est,
960 1877 1103 1970 libertati
1123 1879 1358 1962 impedimento

337 1998 445 2081 magis
468 2016 568 2078 quarn
584 1977 706 2060 auxilio
722 1995 796 2058 luit.
815 1995 977 2057 Dominus
992 1994 1165 2058 dominicae
1185 1999 1359 2078 potestatis

336 2113 467 2176 tuendae
493 2106 607 2173 minus
624 2129 724 2194 quam
750 2101 1004 2172 retinendorum
1022 2111 1237 2194 peculiarium
1260 2133 1357 2176 num-

336 2248 465 2290 morum
480 2212 736 2289 studiosuserat.
751 2225 889 2287 Servum
902 2215 1036 2308 negotio
1044 2225 1205 2288 intentum
1217 2227 1358 2290 libenter

335 2345 419 2407 bene
446 2341 606 2430 habebat;
624 2340 776 2424 placebat
797 2367 811 2397 α
839 2341 919 2402 iuter
943 2342 1056 2403 amicos
1081 2367 1095 2398 a
1115 2363 1190 2406 eum
1215 2343 1354 2406 liberum

334 2458 524 2542 praedicare,
542 2457 620 2519 dum
632 2455 752 2538 peculii
772 2455 859 2518 bona
876 2462 1107 2540 quaestumque
1124 2465 1277 2521 servaret.
1294 2460 1355 2522 His

332 2573 408 2634 novi
422 2571 553 2654 generis
568 2569 694 2634 libertis
708 2571 873 2633 succurrit
884 2572 1009 2634 Praetor
1020 2591 1073 2646 ne,
1085 2578 1211 2634 mutata
1227 2571 1353 2634 domini
1380 2593 1381 2596 ¹

332 2687 511 2760 voluntate,
528 2687 562 2749 in
575 2677 741 2749 seruitutis
755 2685 894 2748 sormam
910 2706 1025 2749 rursus
1041 2681 1276 2768 redigerentur,
1294 2687 1352 2750 aed

329 2825 369 2867 ex
384 2825 498 2866 eorum
515 2803 645 2887 peculio
660 2803 741 2865 nihil
757 2801 899 2865 dominis
914 2803 1042 2865 aulerre
1056 2793 1160 2864 voluit
1177 2823 1184 2864 :
1204 2828 1218 2860 κ
1235 2803 1352 2866 Admo-

328 2921 422 2983 ncndi
443 2941 557 2997 sumus,
574 2920 620 2982 ait
640 2919 754 2995 Gaius,
771 2939 818 2982 eos
823 2965 883 2982 .....
901 2919 1022 2990 uunilto
1038 2919 1187 2980 Praetoris
1206 2920 1239 2979 in
1261 2919 1350 2981 tiber·

330 3039 402 3098 totis
423 3037 527 3116 formu
546 3035 663 3097 samari
681 3034 788 3096 solitos
807 3055 814 3096 ε
832 3033 913 3096 unde
932 3035 1024 3096 etiam
1043 3055 1090 3096 res
1110 3055 1214 3097 eorum
1229 3035 1349 3117 peculii

324 3154 399 3236 jure
415 3153 456 3216 ud
466 3164 617 3235 patronos
627 3151 888 3234 pertineresolito
899 3152 974 3212 estt.
992 3175 1006 3208 o

371 3268 468 3350 Legis
486 3267 593 3331 Juniae
607 3265 704 3330 latori
720 3266 834 3338 eadem
852 3286 946 3328 mens
961 3266 1025 3329 luit
1042 3265 1152 3328 :illam
1172 3288 1245 3348 quae
1266 3267 1346 3328 lacti

329 3384 435 3465 magis
445 3404 545 3466 quam
552 3383 637 3466 juris
645 3389 715 3446 erat
723 3382 1056 3466 libertas‚legitimam
1066 3383 1161 3458 fecit3
1175 3383 1243 3458 sed,
1256 3383 1346 3468 quod

326 3500 369 3562 ad
384 3501 552 3583 peculium
562 3499 691 3576 attinet,
702 3519 740 3562 ea
751 3498 874 3569 veritus
885 3520 958 3580 quae
974 3519 1013 3562 ex
1027 3499 1101 3582 lege
1116 3520 1175 3562 sua
1186 3500 1346 3582 consequi

321 3702 459 3746 currunt:
482 3701 512 3746 ut
535 3697 623 3758 major
652 3696 688 3746 sit
709 3709 843 3746 annorum
861 3697 983 3758 triginta,
1002 3702 1030 3747 et
1053 3711 1085 3748 ex
1105 3697 1167 3759 jure
1191 3697 1338 3756 Quiritium

320 3768 433 3828 domini,
446 3768 594 3830 etjustaac
608 3767 728 3831 legitima
741 3767 954 3818 manumissione
967 3769 1109 3830 liberetur,
1120 3769 1148 3818 id
1158 3773 1199 3818 est
1209 3769 1338 3832 vindicta,

317 3844 364 3888 aut
379 3851 461 3887 censu
476 3845 526 3896 aut¹
537 3843 709 3888 testamento,

348 3913 370 3958 l.
383 3908 461 3970 luat,
476 3910 518 3971 ΙΙΙ,
533 3912 556 3969 Ι,
569 3912 585 3972 S
599 3912 623 3958 l;

348 3982 371 4029 2.
385 3981 476 4042 Gaius,
491 3981 534 4042 ΙΙΙ,
546 3983 584 4030 56.
634 3975 635 3980 ’
