3080 5034
287 625 323 678 50
604 620 760 685 QUOMODO
783 620 849 673 PER
871 619 1001 674 SERVOS

286 776 346 832 aut
359 767 473 831 saltem
487 765 618 830 lucrum
630 766 779 829 cessabit
790 786 830 828 eo
841 765 928 850 quod
938 763 1107 850 peculium
1123 785 1199 829 cum
1215 785 1313 848 nego

285 885 422 948 liatione
449 888 516 945 tarn
540 882 656 945 intime
676 902 864 946 connexum
890 887 941 944 est
969 886 1093 944 utnon
1122 880 1192 943 sine
1213 880 1314 944 detri-

286 1006 398 1064 mento
409 999 450 1062 ab
460 1019 497 1062 ea
508 998 652 1082 separari
661 1004 772 1080 queat.
784 998 819 1060 Si
830 1002 941 1060 autern
953 996 1107 1060 dominus
1117 995 1210 1059 alteri
1218 1017 1313 1060 servo

288 1115 455 1200 peculium
476 1134 552 1177 cum
573 1113 798 1198 negotiatione
817 1112 962 1196 gerenda
982 1112 1213 1188 committeret,
1235 1113 1313 1175 huic

290 1226 463 1311 posteriori
480 1245 573 1288 servo
589 1226 675 1288 forte
691 1245 759 1287 non
774 1223 888 1287 eadem
905 1223 1060 1298 sollertia,
1072 1243 1137 1285 non
1153 1224 1314 1306 utiqueea

290 1341 452 1406 industria
463 1342 546 1404 foret
560 1361 634 1423 quae
649 1361 712 1403 usu
725 1345 854 1403 tantum
867 1345 900 1402 et
914 1344 1062 1422 tempore
1078 1339 1271 1421 acquiritur.

331 1456 500 1540 Quidquid
528 1462 590 1531 est,
616 1477 656 1519 ex
684 1455 816 1538 scriptis
851 1454 1010 1517 discimus
1037 1454 1204 1537 peculium
1236 1475 1314 1518 con-

292 1593 425 1637 cessum
448 1572 562 1647 luisse,
584 1577 643 1633 aut
663 1571 736 1652 ipso
752 1570 839 1652 jure,
861 1575 919 1632 aut
935 1569 1025 1631 lacto
1053 1590 1059 1632 :
1087 1596 1100 1625 α
1127 1569 1161 1632 Si
1186 1569 1312 1644 Sticho,

292 1689 458 1774 peculium
493 1708 558 1750 eun
590 1686 896 1762 manumitteretur,
924 1684 1116 1768 ademptum
1150 1705 1215 1747 non
1251 1692 1312 1760 est,

291 1805 422 1868 videtur
436 1822 632 1871 concessum
644 1803 666 1865 ¹.
679 1803 844 1884 -Longe
858 1801 1020 1864 diversam
1034 1820 1169 1863 causam
1187 1821 1312 1878 eorum,

292 1922 349 2005 qui
364 1941 383 1983 a
399 1918 632 2001 superstitibus
645 1917 936 1994 manumittuntur,
949 1916 1027 1979 item
1040 1915 1182 1992 illorum,
1193 1916 1314 1999 quibus

288 2043 486 2102 testamento
510 2035 645 2098 libertas
666 2033 875 2116 relinquitur,
898 2053 994 2095 esse..
1019 2051 1121 2095 :curn
1145 2033 1313 2116 superiore

292 2153 426 2237 quidem
451 2171 532 2214 casu
558 2169 755 2212 concessum
777 2149 878 2211 tacite
899 2147 1077 2231 peculium,
1102 2147 1131 2210 si
1156 2169 1222 2211 non
1247 2149 1313 2211 adi·
1379 2153 1381 2156 ’

291 2275 400 2332 matur
422 2286 429 2328 :
451 2265 632 2350 posteriore
649 2284 739 2338 veru,
761 2263 825 2326 nisi
848 2263 1035 2345 specialiter
1055 2263 1157 2326 luerit
1185 2264 1311 2344 datum,

288 2404 388 2468 penes
408 2400 617 2447 successores
640 2399 821 2454 remanere,
840 2379 926 2461 juris
948 2378 991 2441 sit
1010 2379 1276 2442 evidentissimi².
1298 2407 1312 2440 s

291 2499 356 2562 Sed
380 2518 419 2561 ex
435 2495 641 2559 testamentis
663 2495 697 2557 in
720 2494 843 2577 quibus
866 2493 907 2557 de
929 2494 1030 2557 servis
1052 2494 1085 2556 in
1111 2495 1312 2579 negotiatio·

288 2615 386 2678 nibus
416 2611 572 2675 adhibitis
604 2611 715 2694 agitur
747 2610 897 2673 videmus
927 2609 1092 2693 peculium
1124 2612 1311 2694 specialiter

289 2737 389 2813 alque
404 2747 557 2812 expresse
580 2726 662 2802 dari,
680 2732 718 2790 ut
738 2727 772 2789 in
796 2725 1013 2809 sequentibus
1036 2747 1110 2808 quae
1131 2747 1171 2788 ex
1194 2727 1307 2790 multis
1392 2813 1395 2820 Ι

288 2852 442 2929 excerpta
462 2850 539 2907 sunt
563 2864 571 2906 :
597 2869 611 2900 «
636 2843 750 2906 Actori
775 2863 837 2904 suo
862 2842 1027 2904 Antiocho
1048 2841 1124 2904 data
1144 2842 1305 2920 libertate,
1384 2889 1387 2896 ·

285 2963 406 3048 praedia
427 2973 510 3023 certa
527 2970 556 3021 et
573 2959 730 3042 peculium
752 2968 781 3019 et
799 2958 919 3040 reliqua
933 2957 1134 3039 relequverut,
1152 2968 1214 3020 tam
1237 2981 1305 3035 sua,

289 3100 379 3162 quam
393 3077 602 3140 colonorum³.
622 3099 636 3130 u
653 3109 691 3120 -
706 3099 721 3130 a
737 3072 922 3136 Tabernam
944 3092 1020 3135 cum
1041 3073 1210 3136 caenaculo
1231 3075 1308 3136 Par·

289 3194 374 3258 dulae
394 3190 600 3255 manumisso
622 3193 820 3251 testamento
839 3188 1007 3271 legaverat
1027 3210 1094 3250 cum
1115 3191 1263 3252 mercibus
1280 3203 1308 3253 et

289 3307 499 3373 instrumentis
528 3316 556 3368 et
579 3305 777 3388 supellectili,
799 3325 867 3386 quae
889 3304 931 3365 ibi
949 3314 1024 3366 esset
1048 3324 1054 3368 :
1076 3306 1148 3366 item
1168 3305 1308 3369 borreum

288 3426 440 3490 vinarium
455 3443 522 3484 cum
534 3422 617 3498 vino,
632 3430 660 3482 et
676 3421 767 3496 uasis,
783 3430 813 3482 et
826 3420 1039 3495 instrumento,
1058 3429 1086 3482 et
1100 3422 1306 3500 institoribus,

289 3562 363 3626 quos
372 3559 469 3602 seeum
480 3537 589 3599 tubere
600 3549 795 3599 consueuerat
806 3539 826 3597 ⁴.
840 3561 854 3593 »
866 3571 904 3582 -
915 3561 929 3592 «
941 3535 990 3598 Ad
1004 3555 1078 3598 eum
1089 3557 1185 3617 quem
1195 3558 1309 3603 manu·

321 3811 342 3857 r.
360 3809 467 3872 n.‚xv,
482 3814 504 3871 r,
521 3813 559 3860 ss.

320 3882 343 3929 n.
358 3880 396 3942 c,
413 3881 468 3941 vn,
486 3884 525 3930 n.

320 3953 343 4000 a.
356 3953 397 4013 n,
410 3952 509 4011 xxxii,
525 3955 563 4001 or.

320 4025 343 4071 r.
357 4023 398 4085 n,
411 4022 523 4080 xxxin,
538 4027 561 4083 r,
577 4026 600 4072 r.
