3080 5034
470 580 760 636 NEGOTlAllllN'lUll
781 582 913 636 aonam
1176 585 1212 636 33

187 725 253 786 mei
282 746 385 788 eausa
418 725 571 800 detraxit,
601 725 699 788 dolus
732 725 837 808 ipsius
861 727 1064 810 praeponenti
1097 749 1218 791 nocere

187 839 297 918 debet,
315 841 378 903 nisi
392 841 557 924 particeps
571 841 638 903 doli
651 841 764 915 luerit,
779 841 835 923 qui
850 843 1016 905 eontraxit
1026 845 1047 906 ¹.
1066 869 1080 898 »

226 1062 302 1124 Alia
317 1069 428 1126 autem
443 1064 570 1126 ratione
585 1083 700 1126 servus
712 1064 746 1126 in
768 1063 1052 1146 negotiationibus
1070 1065 1218 1128 adhiberi

188 1184 311 1261 potest,
334 1179 502 1261 peculium
528 1179 599 1242 eia
626 1179 761 1242 domino
787 1179 991 1256 conceditur,
1015 1201 1121 1262 eoque
1145 1181 1217 1264 ipso

189 1295 324 1376 peculio
340 1295 531 1378 negotiatur
545 1315 674 1363 servus.
692 1297 768 1373 Quo
788 1316 869 1358 casu
890 1295 1045 1358 dominus
1064 1317 1130 1359 non
1148 1297 1217 1379 jam

188 1409 221 1470 in
244 1409 390 1472 solidum
405 1416 548 1488 tenetur,
565 1411 623 1473 sed
645 1417 775 1474 tantum
797 1411 838 1474 ad
859 1411 957 1475 finem
979 1411 1111 1495 peculii,
1128 1413 1217 1495 quod

185 1526 420 1608 jurisconsulti
449 1527 501 1589 his
530 1527 639 1589 verbis
666 1527 846 1610 exprimere
870 1527 988 1604 solent,
1014 1549 1091 1591 cum
1119 1556 1133 1584 α
1162 1528 1219 1591 do-

188 1642 320 1704 minum
348 1641 389 1704 de
407 1643 538 1725 peculio
561 1643 665 1705 teneri
693 1669 708 1699 »
735 1642 860 1706 dicunt.
886 1645 923 1706 ln
945 1664 1011 1706 uno
1031 1645 1218 1727 fragmento

189 1757 271 1838 quid
284 1757 371 1820 inter
380 1757 464 1820 duas
474 1757 549 1820 illas
562 1755 771 1821 conditiones
780 1758 910 1822 intersit
920 1760 1000 1822 satis
1014 1761 1196 1844 explicatur
1209 1783 1216 1823 z

191 1897 205 1938 ‹.‹
222 1873 258 1936 Si
275 1894 390 1936 servus
405 1873 629 1958 argentariam
645 1875 747 1936 faciat
763 1875 884 1957 (potest
898 1875 997 1954 enim)
1017 1896 1023 1937 :
1042 1877 1069 1936 si
1084 1876 1216 1957 quidem

188 1989 361 2052 voluntate
376 1989 501 2052 domini
517 1989 645 2064 fecerit,
659 1988 925 2072 compellendum
936 1989 1106 2052 dominum
1121 1991 1216 2052 edere

190 2105 374 2187 (rationes),
390 2125 429 2168 ac
447 2104 583 2187 perinde
601 2105 636 2166 in
656 2125 731 2167 eum
755 2104 902 2166 dandum
919 2110 970 2167 est
982 2104 1158 2187 judicium,
1175 2126 1214 2167 ac

189 2221 217 2282 si
242 2221 315 2303 ipse
335 2221 506 2284 fecisset...
534 2221 569 2283 Si
590 2241 706 2305 servus
726 2220 927 2304 peculiarem
946 2221 1047 2284 saciat
1067 2227 1217 2304 argenta-

189 2337 274 2400 riam
308 2357 315 2398 :
346 2337 501 2400 dominus
539 2337 580 2400 de
609 2337 752 2420 peculi0,
783 2337 834 2399 vel
869 2336 910 2398 de
938 2337 973 2399 in
1002 2359 1070 2401 rem
1099 2340 1215 2401 verso¹

191 2455 355 2516 tenetur³.
374 2479 389 2510 »

231 2567 405 2631 Peculium
429 2588 506 2632 cum
528 2568 753 2652 negotiatione
775 2569 809 2630 in
833 2569 896 2632 boc
918 2589 997 2631 casu
1024 2576 1115 2632 arcte
1137 2591 1214 2633 con-

191 2705 313 2748 nexum
332 2691 392 2760 est,
414 2685 649 2768 negotiationis
670 2704 742 2747 sors
759 2685 927 2768 peculium
946 2691 1006 2760 est,
1029 2692 1087 2748 aut
1109 2692 1215 2748 totum

191 2800 1219 2884 antejusparsquaedam.Peculioetinstrumentumquonego-

192 2918 294 2980 tiatur
309 2937 424 2980 servus
437 2923 470 2980 et
491 2935 618 2980 merces
640 2937 724 2998 quas
744 2915 856 2978 vendit
876 2921 986 2998 empta
1006 2922 1099 2989 sunt;
1117 2918 1216 2998 empti

192 3039 271 3095 sunt
294 3033 394 3095 etiam
415 3029 594 3115 aliquando
616 3031 671 3095 alii
692 3032 776 3094 servi
794 3051 879 3113 quos
898 3031 969 3113 ipse
993 3036 1030 3092 ul
1051 3031 1218 3113 adjutores

192 3152 227 3211 in
241 3149 466 3232 negotiatione
478 3147 648 3212 tractanda
662 3146 713 3210 vel
729 3147 827 3210 etiam
844 3146 1012 3210 institores
1027 3147 1172 3225 habebit,
1191 3149 1218 3210 si

193 3266 227 3327 in
241 3265 392 3348 pluribus
408 3265 490 3330 loeis
505 3265 696 3348 negotiatur
709 3269 781 3340 aut,
798 3263 923 3326 domini
939 3284 1041 3338 more,
1057 3263 1140 3326 nolit
1160 3286 1218 3348 per

226 3560 248 3606 l.
261 3557 303 3616 D„
316 3557 382 3619 XIV,
396 3560 419 3614 3,
432 3559 470 3618 ll,
484 3558 512 3620 St
526 3559 539 3606 3
552 3560 580 3606 et
591 3560 615 3606 l.

225 3629 248 3676 2.
266 3650 276 3668 «
293 3629 324 3676 ln
340 3642 394 3678 rem
408 3643 508 3677 versum
524 3650 534 3669 ·
548 3627 576 3677 id
594 3625 760 3687 intelligitur
781 3627 852 3687 quod
871 3639 903 3676 ex
926 3626 995 3676 laeto
1018 3625 1090 3675 servi
1108 3625 1219 3674 domino

194 3699 268 3749 lucro
285 3699 346 3760 luit,
365 3713 525 3762 semperque
541 3698 574 3750 de
589 3713 621 3749 eo
638 3702 746 3747 tenetur
760 3697 898 3758 dominus,
915 3711 958 3758 ne,
973 3697 1098 3747 fraudato
1115 3697 1217 3758 aliquo,

194 3771 325 3832 proficiat.
347 3772 425 3830 Quod
451 3785 506 3821 nou
531 3768 748 3833 negotiationum
776 3769 873 3831 gratia,
903 3768 950 3818 sed
976 3769 1112 3830 aequitatis
1138 3781 1219 3816 causa

194 3847 331 3904 receptum
347 3848 405 3893 erat
418 3843 446 3892 in
461 3839 631 3906 quibuslibet
648 3841 769 3900 casibus,
783 3851 845 3890 cum
860 3840 931 3889 alter
945 3840 1060 3889 alterius
1081 3840 1219 3901 negotium

196 3913 274 3975 gerit.

225 3985 354 4047 3.D.,11‚
373 3988 412 4048 le,
428 3986 521 4047 4,33.

263 4093 363 4134 Juenan.
442 4095 444 4100 '
1054 4069 1069 4124 3
