3080 5034
294 593 331 647 36
615 591 770 656 QUOMODO
793 592 858 645 Pon
880 591 1009 645 SERVOS

297 739 461 802 actionem
476 758 543 800 non
560 743 598 800 ut
612 736 748 799 tributio
763 735 821 799 fiat
837 735 948 799 locum
968 735 1101 812 habere,
1120 735 1178 797 sed
1201 741 1238 796 ut
1258 735 1317 796 tri-

299 855 392 917 butio
409 853 494 936 maie
513 854 601 916 sacta
624 853 823 936 corrigatur;
838 851 927 934 quod
948 872 986 915 ex
1006 851 1138 933 scriptis
1154 857 1312 933 apparet:

295 971 392 1032 «Non
403 968 698 1052 aliter,quan1dolo
710 968 944 1030 interveniente
955 966 1141 1050 competit¹.
1151 967 1315 1029 —Dolum

292 1085 416 1150 malurn
432 1090 562 1148 coercet
577 1083 699 1146 domini
711 1085 733 1146 ¹.
752 1110 766 1142 u

332 1203 387 1264 Sic
402 1202 665 1285 negotiationum
681 1221 811 1277 cursus,
828 1221 892 1263 usu
909 1206 942 1262 et
956 1199 1105 1262 moribus
1121 1198 1313 1262 faventibus

289 1319 515 1402 potiusquam
527 1318 613 1400 juris
629 1317 781 1379 claustris
797 1317 944 1378 strictius
956 1315 1200 1389 coercentibus,
1217 1315 1314 1376 latior

290 1435 489 1517 profluebat.
512 1433 728 1516 Negotiantes
748 1453 809 1494 usu
831 1432 965 1514 discunt
984 1451 1077 1494 suarn
1103 1431 1184 1514 ipsis
1205 1429 1313 1513 probi·

292 1555 393 1612 tatem
413 1549 505 1612 lucro
527 1569 600 1611 esse
619 1548 726 1631 magis
746 1568 845 1630 quam
863 1548 1005 1630 injustos
1025 1553 1183 1629 quaestus,
1201 1552 1310 1628 atque,

294 1665 413 1748 injuria
427 1665 498 1727 aliis
514 1685 532 1727 a
548 1685 583 1727 se
598 1665 696 1740 facta,
713 1663 792 1727 olim
808 1684 842 1726 se
853 1664 960 1747 magis
970 1683 1136 1747 passuros.
1148 1663 1185 1724 ln
1195 1664 1313 1725 ceteris

292 1782 367 1844 vitae
392 1780 496 1844 civilis
516 1780 647 1844 actibus
672 1781 700 1842 is
724 1781 781 1863 qui
809 1779 959 1843 fraudem
985 1778 1064 1842 fecit
1092 1779 1155 1841 nisi
1183 1779 1312 1861 legibus

290 1897 437 1980 punitur,
455 1917 528 1960 raro
544 1917 652 1960 rerum
668 1897 810 1960 naturali
825 1917 925 1959 cursu
940 1895 1069 1958 debitas
1081 1894 1173 1958 dabit
1185 1915 1309 1978 poenas.

291 2015 406 2097 ltaque
415 2034 544 2098 semper
554 2019 587 2076 et
597 2013 721 2096 ubique
732 2013 765 2076 in
776 2013 862 2075 civili
870 2013 944 2095 jure
955 2011 1066 2095 piures
1077 2017 1154 2074 sunt
1165 2011 1312 2074 actiones

291 2151 389 2212 quarn
405 2130 492 2192 11133
509 2128 583 2212 jure
599 2129 688 2212 quod
706 2129 747 2191 ad
767 2129 1030 2212 negotiationum
1053 2147 1134 2190 usus
1153 2128 1308 2210 pertinet3

290 2267 352 2318 nec
370 2246 442 2308 ideo
456 2244 640 2328 putandum
655 2250 706 2307 est
718 2245 960 2328 negotiationes
975 2265 1041 2306 non
1056 2244 1207 2306 floruisse
1222 2244 1310 2326 quod

290 2361 344 2424 illa
357 2361 441 2442 juris
456 2380 532 2443 pars
547 2381 622 2442 quae
632 2359 673 2422 ad
686 2380 742 2422 eas
752 2360 875 2423 directe
886 2363 1028 2444 pertinet
1038 2380 1138 2444 parva
1148 2359 1309 2422 videatur.
1420 2426 1423 2432 ,

333 2603 416 2666 Cum
431 2601 534 2684 igitur
551 2601 675 2685 peculio
695 2604 872 2685 negotiatur
891 2623 1017 2680 servus,
1033 2603 1246 2665 manifestum
1261 2608 1313 2665 est

294 2738 423 2780 servum
448 2717 616 2800 peculium
645 2719 766 2782 habere
785 2718 1002 2803 negotiationi
1022 2738 1088 2780 non
1107 2718 1229 2800 impar3
1254 2719 1312 2781 sed

293 2834 402 2909 etiarn,
418 2854 495 2896 cum
511 2833 609 2897 alicui
625 2835 841 2917 negotiationi
857 2836 1045 2918 prepositus
1064 2840 1190 2916 partem
1210 2834 1313 2896 dorni-

294 2949 359 3012 nici
370 2949 559 3032 patrimonii
575 2956 714 3024 exercet,
732 2971 798 3012 non
818 2951 929 3012 minus
948 2949 1114 3032 peculium
1134 2949 1242 3012 habet.
1268 2949 1311 3012 lis

293 3065 379 3127 enirn
409 3064 465 3147 qui
492 3084 567 3126 curn
599 3064 775 3146 praeposito
806 3085 899 3126 servo
932 3070 1163 3127 contraxerant
1196 3069 1310 3127 3311113

292 3180 463 3243 dominum
480 3179 514 3241 in
530 3178 671 3242 solidum
693 3200 791 3262 agere
810 3179 941 3257 licebat,
958 3180 1015 3242 sed
1036 3179 1266 3242 tantummodo
1282 3181 1310 3242 si

292 3295 391 3358 certis
420 3294 679 3370 conditionibus
705 3315 779 3377 quae
809 3295 1048 3378 praepositionis
1075 3295 1149 3378 lege
1177 3295 1311 3358 definie-

293 3411 424 3486 bantur,
443 3415 689 3486 contraxerant;
708 3411 735 3473 si
751 3417 860 3474 31113111
876 3418 966 3474 extra
981 3412 1067 3474 hanc
1084 3411 1203 3494 legem,
1220 3411 1310 3494 quod

294 3526 443 3588 accidere
456 3531 595 3607 poterat,
609 3527 860 3603 contraxissent,
873 3527 913 3589 de
924 3527 1053 3610 peculio
1065 3527 1111 3590 eis
1120 3526 1310 3590 onmimodo

293 3661 391 3724 agere
416 3641 553 3717 licebat;
581 3641 629 3704 sio
658 3641 825 3725 peculium
855 3642 1075 3706 creditoribus
1102 3643 1185 3706 servi
1215 3643 1310 3726 quasi

319 3886 343 3934 1.
358 3886 401 3947 3.,
416 3886 482 3947 xiv,
496 3889 519 3948 1,
537 3889 560 3938 a.

322 3957 345 4004 1.
358 3957 400 4018 3.,
413 3957 480 4021 xlv,
494 3961 517 4019 1,
531 3961 616 4022 ngr.
