3080 5034
272 622 428 688 QUOMODO
451 623 516 677 PER
538 623 667 677 suavos
690 623 980 679 NOGO'llAltllN'l'Ult
1002 627 1133 680 ROMANI
1177 628 1209 681 til

190 775 313 843 mutan
344 769 377 831 id
403 767 581 832 artificium
608 768 811 848 ol'ficiumve,
832 790 909 834 cum
932 769 967 832 in
988 772 1213 854 negotiatione

191 885 355 957 consistit,
372 884 414 946 ad
433 890 586 947 nostrum
601 885 807 968 propositum
822 886 986 969 pertinere
1000 907 1066 950 non
1080 887 1209 953 desinit.

191 997 283 1072 «Qui
312 997 550 1078 negotiationem
574 1016 637 1078 pur
665 997 858 1080 Pamphilum
878 1008 906 1059 et
926 997 1100 1080 Diphilum,
1122 1003 1210 1082 prius

188 1134 300 1187 seruos,
311 1107 422 1195 postea
438 1111 561 1173 libertos
576 1109 732 1174 coercebat
750 1115 811 1176 ¹....
827 1113 995 1175 —Lucius
1018 1113 1125 1190 l'itius,
1143 1135 1210 1178 cuin

187 1229 317 1290 Erotem
329 1227 857 1292 actoremliaberet...viuusErotem
867 1229 1056 1302 mauueuiait,
1066 1230 1209 1292 incudem

185 1353 257 1406 actu
274 1343 381 1404 habuit
392 1343 454 1407 ².
466 1379 505 1388 —
517 1342 553 1405 Si
568 1342 722 1416 dominus,
735 1345 789 1426 qui
803 1364 922 1406 sernum
936 1344 1108 1406 institorem
1123 1345 1211 1428 opud

184 1480 319 1522 inensam
332 1461 474 1540 pecuniis
489 1459 679 1542 accipiendis
693 1459 811 1536 habuit,
823 1468 894 1539 post
906 1460 1076 1522 libertatem
1092 1481 1209 1544 quoque

183 1574 290 1636 datum
306 1573 388 1635 idern
395 1594 455 1656 per
471 1573 612 1636 libertum
628 1574 784 1657 neqotiuui
801 1575 988 1640 exercuit...
1005 1577 1016 1612 ³
1033 1601 1046 1632 »

224 1689 304 1752 Inde
328 1695 467 1772 apparet
489 1689 598 1752 liberti
618 1689 842 1753 conditionem
863 1710 929 1753 non
949 1711 1047 1774 posse
1067 1691 1207 1774 intelligi

182 1807 246 1869 nisi
264 1805 356 1888 prius
377 1806 462 1868 servi
484 1805 630 1869 conditio
652 1811 731 1868 nota
757 1806 873 1881 suerit3
899 1806 927 1868 si
951 1827 1025 1889 quae
1050 1807 1090 1869 de
1115 1827 1208 1870 servo

181 1922 356 1985 retulimus
374 1921 485 1983 minus
505 1926 593 1984 notae
613 1920 690 1993 sint,
708 1921 830 1984 frustra
845 1927 1014 2004 quaeratur
1031 1921 1118 1984 unde
1135 1943 1209 2004 pro-

181 2040 315 2101 veniant
338 2045 439 2101 tantae
468 2058 548 2121 opes
573 2037 776 2100 libertorum.
806 2039 957 2121 Largitas
984 2036 1206 2112 dominorum,

181 2175 318 2218 munera
342 2154 444 2216 etiam
469 2152 671 2236 amplissima
696 2153 746 2216 vel
775 2153 956 2237 dignitates
985 2153 1107 2235 quibus
1134 2153 1207 2214 tun-

181 2271 347 2360 gebantur
369 2269 479 2331 liberti
501 2289 568 2330 non
592 2289 630 2331 ea
652 2274 730 2331 sunt
748 2276 786 2332 ut
806 2289 846 2331 ex
864 2270 912 2331 eis
929 2267 1010 2330 illud
1032 2267 1121 2351 quod
1140 2274 1207 2331 tarn

180 2386 336 2468 frequens
360 2390 461 2467 atque
487 2384 646 2447 usitatum
671 2389 741 2446 erat
763 2385 928 2467 explicare
950 2383 1058 2447 liceat.
1084 2385 1205 2448 Earum

181 2506 293 2563 autem
326 2499 516 2562 divitiarum
547 2504 580 2563 et
613 2499 808 2582 magnitudo
840 2505 872 2563 et
903 2500 1088 2582 frequentia
1117 2499 1209 2582 apud

181 2615 315 2679 libertos
327 2615 459 2678 tacilius
469 2614 699 2697 intelligitursi
710 2615 953 2698 negotiationes
969 2622 1160 2698 reputamus
1174 2615 1207 2677 in

180 2731 303 2814 quibus
318 2730 561 2795 adhibebantur
576 2732 662 2794 servi
677 2731 734 2814 qui
749 2731 791 2794 ad
806 2731 991 2793 libertatern
1007 2731 1076 2792 lere
1092 2749 1206 2792 omnes

180 2847 309 2910 venturi
334 2832 438 2921 erant,
456 2846 690 2929 peculiumque
712 2868 778 2910 non
803 2866 940 2929 parvum
964 2843 1145 2927 accepturi,
1164 2843 1205 2905 ad

180 2962 266 3026 idern
282 2963 453 3046 negotium
470 2982 557 3045 saepe
572 2962 804 3026 exercendum.

221 3080 270 3142 Ex
294 3078 434 3152 diverso,
462 3083 500 3140 ut
524 3097 603 3140 sana
627 3077 832 3160 intelligatur
854 3077 927 3159 ejus
952 3075 1037 3138 servi
1057 3073 1204 3137 conditio

180 3195 237 3278 qui
272 3193 532 3278 negotiationem
575 3201 715 3270 exercet,
752 3193 902 3276 ejusdem
939 3190 1085 3254 conditio
1127 3209 1204 3251 cum

180 3310 424 3373 manumittitur
447 3314 480 3371 et
500 3315 678 3392 postquam
703 3308 930 3372 manumissus
951 3312 1002 3370 est
1025 3303 1207 3389 spectanda

180 3431 239 3489 est.
262 3425 313 3488 Ad
333 3426 531 3503 libertatern,
553 3431 589 3489 ut
610 3424 765 3501 diximus,
787 3423 983 3508 plerumque
1007 3420 1203 3494 destinatur,

179 3541 332 3624 illiusque
347 3562 385 3605 ea
404 3542 438 3604 in
458 3541 588 3626 agendo
609 3548 680 3604 tum
700 3539 861 3614 celeritas,
878 3544 950 3600 tum
969 3536 1121 3611 fidelitas,
1138 3553 1205 3596 non

180 3656 241 3719 nisi
258 3663 389 3740 sperata
408 3658 561 3722 libertate
580 3656 736 3740 explicari
752 3661 877 3740 potest3
893 3652 951 3716 sed
965 3652 1037 3736 ipsa
1058 3651 1207 3726 libertas,

211 3885 234 3934 r.
252 3882 293 3943 n,
306 3881 396 3940 xxvi,
411 3886 433 3942 r,
448 3885 487 3942 aa,
503 3895 545 3944 pr.

212 3955 236 4000 a.
251 3951 420 4013 n.,·xxx1v‚
436 3955 460 4010 a,
474 3955 513 4002 u.

210 4025 234 4073 a.
252 4023 376 4086 u.,x1v,
392 4026 415 4085 a,
430 4025 494 4084 ras
512 4026 533 4073 1.
