3080 5034
531 613 822 669 NEGOTIARENTUII
843 615 976 669 nonnul
1240 617 1275 670 69

249 765 373 842 posset,
389 759 452 821 nisi
467 757 522 822 illa
541 779 581 822 ex
600 760 805 823 oeconomica
826 761 1062 843 competitione
1080 763 1277 846 proveniens

248 873 360 937 laesio?
374 894 567 957 quanquam
582 873 706 957 fingere
722 874 820 938 liceat
835 875 1006 939 laesionem
1021 897 1062 939 ex
1078 875 1152 940 aliis
1166 879 1276 940 causis

249 989 421 1064 orientem,
441 989 543 1052 veluti
565 990 592 1052 si
616 991 756 1073 strepitu
781 990 832 1054 vel
853 990 1004 1074 quolibet
1025 992 1273 1074 impedimento,

248 1111 387 1188 patrono
408 1105 451 1168 sit
468 1105 693 1182 incommodo,
717 1105 807 1189 quod
827 1127 866 1169 ex
884 1107 995 1170 verbis
1015 1133 1029 1164 ι(
1051 1108 1154 1170 eodem
1175 1109 1239 1170 loco
1259 1136 1274 1167 »

248 1222 334 1284 sorte
349 1221 498 1303 colligas.

290 1337 364 1400 Uno
383 1337 524 1420 denique
543 1358 623 1400 casu
652 1337 686 1400 in
717 1339 876 1400 Hadriani
897 1340 1058 1400 sententiis
1079 1337 1183 1400 relato
1200 1343 1219 1411 ¹,
1247 1340 1275 1402 si

249 1472 327 1515 sane
347 1452 440 1516 illum
460 1453 727 1537 interpretamur,
749 1454 790 1516 id·
804 1454 893 1536 quod
913 1455 947 1517 in
970 1454 1034 1517 hoo
1054 1455 1161 1537 capite
1179 1475 1276 1538 expo-

248 1569 376 1631 suimus
388 1569 615 1632 eonfirmatur.
634 1569 756 1633 Liberti
776 1569 957 1653 dequibus
979 1570 1033 1634 hio
1054 1570 1165 1654 agitur
1180 1570 1275 1633 nobis

247 1685 401 1747 videntur
421 1686 524 1748 luisse
544 1687 629 1749 servi
647 1687 868 1769 negotiantes
891 1707 989 1770 quoa,
1003 1687 1275 1751 manumissionis

248 1808 407 1884 tempore,
428 1801 583 1865 dominus
602 1803 737 1866 donavit
757 1803 904 1866 tabernis
924 1803 957 1866 in
978 1805 1101 1886 quibus
1125 1803 1274 1886 negotia·

249 1917 370 1980 bantur
384 1923 417 1980 et
429 1917 559 2000 peculio
579 1918 704 2002 dequo
723 1919 991 2001 negotiabantur,
1011 1925 1048 1981 ut
1070 1918 1186 1982 eodem
1200 1919 1274 1981 loco

248 2033 514 2116 idemnegotium
525 2038 710 2098 exerceant.
726 2035 877 2112 Quorum
892 2033 1086 2097 libertorum
1105 2034 1271 2110 domiuus,

248 2169 337 2212 nune
350 2155 522 2231 patronus,
535 2169 679 2213 annuam
690 2150 868 2234 pecuniam
883 2149 1003 2233 exegit,
1015 2149 1116 2213 veluti
1133 2149 1274 2211 reditum

249 2264 347 2327 sortis
366 2285 465 2346 quam
489 2265 697 2348 praestiterat.
720 2265 857 2343 Deinde,
880 2283 918 2329 ea
942 2265 1085 2348 pecunia
1107 2285 1125 2326 a
1147 2264 1274 2327 libertis

248 2401 314 2442 non
330 2379 585 2462 soluta,velalia
597 2400 809 2464 quacumque
826 2401 926 2444 eausa
941 2381 1190 2455 interveniente,
1200 2400 1272 2462 quae

248 2516 287 2558 ex
300 2495 436 2559 libidine
451 2497 581 2580 patroni
592 2497 731 2560 forsitan
747 2505 819 2561 orta
835 2497 889 2572 sit,
905 2519 963 2561 eos
983 2503 1145 2581 patronus
1165 2497 1274 2580 prohi-

247 2612 304 2675 bet
318 2612 480 2694 negotiari
497 2631 504 2674 :
522 2639 537 2670 (ι
558 2611 695 2676 Dicente
710 2613 856 2696 quodam
869 2633 904 2676 se
920 2615 1185 2677 circumventum
1202 2631 1274 2675 esse

247 2749 265 2790 a
285 2728 354 2790 suis
373 2727 510 2803 libertis,
527 2735 561 2791 et
580 2728 702 2792 habere
723 2749 801 2792 suas
826 2728 993 2805 tabernas,
1009 2729 1043 2790 in
1068 2729 1189 2810 quibus
1208 2727 1272 2810 ipsi

247 2845 460 2928 negotiantur
474 2845 516 2909 de
531 2845 601 2908 suis
613 2845 774 2929 pecuniis,
791 2851 823 2907 et
839 2841 921 2906 nihil
937 2844 978 2906 ab
1000 2843 1065 2906 illis
1078 2844 1229 2927 accipere
1240 2845 1270 2905 ¹:

248 2981 327 3043 ergo
342 2961 523 3024 advocatus
537 2960 731 3024 libertorum
746 2959 927 3043 respondit,
945 2960 979 3022 in
1000 2959 1106 3023 multo
1125 2964 1274 3041 tempore

247 3097 304 3139 eos
325 3083 464 3160 patrono
487 3097 549 3139 suo
571 3095 845 3160 unumquemque
867 3075 1061 3160 praestitisse
1085 3075 1272 3150 denarium,

248 3199 281 3256 et
294 3192 404 3256 adhue
419 3199 553 3276 paratos
567 3213 640 3255 esse
655 3199 822 3276 praestare,
840 3193 868 3255 si
886 3194 933 3257 eis
950 3193 1158 3276 permitteret
1173 3209 1274 3272 nego-

248 3307 322 3371 tiari
335 3307 543 3372 :Hadrianus
557 3307 658 3370 dixit:
672 3310 793 3373 Curate
807 3329 898 3392 ergo,
910 3329 952 3372 ne
964 3309 1084 3372 iterum
1098 3311 1271 3389 queratur;

249 3423 305 3487 sed
321 3431 354 3488 et
367 3424 438 3508 ipse
453 3444 587 3488 sensum
600 3445 812 3489 communem
826 3425 960 3489 habeat.
982 3451 997 3482 »

278 3713 302 3760 2.
316 3709 670 3774 llujuspriorispartisquae
680 3710 784 3774 duplici
794 3724 875 3760 seusu
884 3710 1013 3773 ambigua
1023 3711 1141 3771 ridetur,
1150 3711 1274 3760 Graecum

249 3783 402 3844 exemplum
425 3782 571 3832 referimus
591 3799 597 3829 ε
615 3805 627 3824 ι
655 3783 781 3847 Λεγοντός
803 3801 868 3839 τινος
890 3783 980 3833 ἑαυτὸν
1003 3783 1201 3845 travolaverunt
1223 3783 1273 3831 ὑπο

249 3851 317 3903 ἰδίων
333 3853 511 3920 ἀπελευθέρων,
521 3856 565 3903 καὶ
578 3854 643 3918 ἔχειν
659 3854 711 3904 [δια
724 3854 886 3920 ἐργαστήρια,
900 3857 925 3904 ἐν
940 3848 977 3912 oie
992 3853 1065 3904 αὐτοὶ
1080 3850 1275 3920 πραγματεύον-

249 3941 289 3974 ται
304 3925 332 3974 ἐν
349 3933 398 3975 τῶν
418 3923 496 3975 αὑτοῦ
515 3924 665 3991 χρημάτων,
679 3927 721 3975 καὶ
740 3925 815 3988 μηδὲν
835 3925 870 3976 ἀπ
885 3925 994 3976 ’ἐκείνων
1007 3925 1157 3991 laudabam.
1176 3947 1186 3965 ν
1206 3921 1273 3973 Vide

250 3995 332 4046 etiam
342 3995 415 4046 iutro
429 4009 454 4058 p.
471 3997 512 4047 86.
