3080 5034
461 613 752 669 Nsoortnnunru'tt
773 615 904 668 nonant
1167 616 1200 669 31

221 758 304 835 Quae
329 757 380 820 Iex
406 763 465 820 aut
491 759 638 822 strictior
662 765 720 822 aut
747 759 845 822 latior
866 779 938 822 esse
966 765 1121 843 proterat,
1146 760 1204 822 sed

184 873 296 956 utique
324 874 496 939 servanda.
528 876 672 938 Diversae
702 875 805 958 hujus
827 875 910 958 legis
934 875 1140 938 conditiones
1170 876 1203 938 in

182 990 332 1072 sequenti
348 991 536 1073 fragmento
550 993 739 1055 reseruntur
756 1011 762 1052 :
782 1017 796 1048 «
815 991 967 1054 Conditio
988 998 1100 1054 autem
1124 1012 1204 1074 prae-

181 1106 354 1188 positionis
379 1107 537 1170 servanda
558 1115 609 1172 est
631 1129 638 1170 :
662 1108 742 1190 quid
767 1109 866 1182 enim,
883 1108 910 1169 si
935 1114 1025 1170 certa
1051 1108 1136 1190 lege,
1154 1107 1203 1170 vel

179 1222 366 1285 interventu
393 1223 567 1306 eujusdam
596 1245 755 1307 personae,
778 1223 829 1287 vel
854 1224 916 1286 sub
939 1223 1076 1306 pignore
1100 1223 1203 1287 voluit

180 1359 255 1400 cum
290 1359 330 1402 eo
355 1340 518 1416 contrahi,
542 1341 593 1403 vel
624 1341 665 1404 ad
692 1347 815 1404 certam
850 1342 939 1402 rem?
964 1339 1200 1422 AEquissimum

180 1455 251 1530 erit,
270 1455 303 1518 id
325 1456 459 1529 servari,
473 1456 507 1518 in
530 1477 596 1540 quo
614 1457 812 1540 praepositus
834 1462 895 1520 est.
921 1457 1014 1532 Item,
1041 1457 1068 1517 si
1093 1456 1202 1539 plures

180 1571 296 1634 habuit
325 1572 506 1650 institoreS,
535 1574 586 1636 vel
624 1594 701 1636 curn
734 1572 890 1635 omnihus
920 1571 1018 1634 simul
1052 1573 1201 1635 contrahi

178 1687 293 1762 voluit,
319 1687 370 1751 vel
396 1709 471 1751 cum
497 1710 564 1752 uno
587 1690 676 1766 solo;
704 1689 762 1752 sed
787 1689 813 1751 si
836 1688 1048 1751 denunciavit
1072 1689 1138 1766 eui,
1161 1709 1201 1751 ne

180 1824 310 1866 comeo
330 1805 541 1869 contraheret
562 1824 569 1866 :
593 1826 659 1869 non
680 1805 777 1867 debet
796 1804 960 1866 institoria
980 1805 1106 1867 teneri:
1125 1825 1200 1867 nam

179 1925 211 1981 et
232 1926 358 1983 certam
383 1940 559 2003 personam
588 1941 768 2004 possumus
798 1920 973 2003 prohibere
995 1921 1199 1992 contrahere,

178 2035 227 2097 vel
244 2041 372 2098 certum
388 2056 495 2119 genus
506 2036 690 2114 hominum,
707 2036 757 2098 vel
771 2036 1026 2119 negotiatorum,
1038 2035 1087 2097 vel
1103 2036 1201 2096 certis

178 2151 369 2214 hominibus
384 2152 613 2236 permittere...
632 2153 696 2215 Sed
713 2153 740 2215 si
753 2153 786 2214 in
807 2158 915 2214 toturn
936 2151 1105 2234 prohibuit
1125 2172 1199 2213 cum

180 2358 233 2407 uad
247 2357 379 2407 mercium
393 2358 600 2408 distructIonem
614 2359 665 2421 (0.,
681 2359 747 2416 XIV,
766 2361 789 2420 3,
808 2362 831 2418 5,
847 2360 860 2420 3
876 2361 928 2419 12);
945 2385 974 2393 -
989 2356 1143 2418 mancipiis
1159 2357 1201 2405 vel

173 2429 315 2490 jumentis,
332 2430 509 2491 pecoribusve
522 2430 646 2481 emendis
666 2429 871 2491 vendendisque
886 2431 937 2491 (0.,
955 2429 1021 2488 XIV,
1037 2431 1059 2487 3,
1080 2432 1117 2488 tt,
1133 2429 1199 2490 pr.);

175 2527 206 2538 -
221 2501 304 2549 merci
317 2500 434 2562 oleariae,
447 2502 571 2557 Arelctre,
585 2506 613 2550 et
628 2501 732 2550 mutuis
749 2500 874 2562 pecuniis
889 2500 1057 2561 accipiendis
1068 2499 1119 2561 (0.,
1133 2499 1199 2560 XIV,

176 2571 428 2634 3‚13,pr.);-in
448 2585 542 2622 mensa
563 2574 615 2635 (0.,
631 2573 697 2632 XIV,
716 2575 739 2632 3,
765 2575 789 2631 5,
809 2573 822 2633 3
844 2573 882 2633 3);
898 2599 928 2606 -
950 2572 1073 2634 pecuniis
1094 2576 1199 2619 tanturn

176 2642 343 2692 Ioenerandis
365 2643 417 2704 (0.,
434 2643 501 2704 XIV,
519 2646 542 2702 3,
567 2646 605 2702 19,
627 2644 640 2703 3
661 2645 699 2702 3);
724 2671 755 2678 -
776 2643 878 2692 mutuis
900 2641 1023 2704 pecuniis
1047 2641 1154 2700 dandis,
1172 2645 1200 2689 et

176 2713 336 2775 pignoribus
350 2713 517 2776 accipiendis
526 2715 577 2774 (0.,
593 2714 660 2773 XIV,
677 2717 700 2775 5,
714 2715 792 2776 8);-
806 2713 928 2775 pecuniis
942 2714 1118 2768 toenerandIs,
1127 2712 1198 2771 agris

176 2785 308 2846 colendis,
319 2785 488 2845 mercaturis
502 2785 740 2847 redemptorisque
752 2784 893 2833 faciendis.
907 2806 916 2823 ·
927 2785 978 2844 (0.,
987 2784 1053 2840 XIV,
1064 2783 1086 2838 3,
1103 2786 1126 2840 5,
1137 2784 1150 2842 3
1164 2784 1199 2839 2.)

176 2855 291 2905 ViIIicus
305 2861 396 2906 autern
410 2870 463 2905 non
480 2861 510 2905 ut
524 2856 637 2905 institor
647 2857 772 2916 habetur,
781 2856 897 2916 ideoque
910 2853 1047 2903 institoria
1060 2853 1132 2902 actio
1146 2867 1199 2901 non

177 2927 307 2988 competit
325 2927 350 2976 ei
364 2927 412 2989 qui
430 2941 491 2976 curn
510 2941 541 2976 eo
563 2927 709 2989 contruxit,
729 2950 738 2968 ι
757 2928 821 2990 quie
839 2926 946 2974 villicus
964 2929 1076 2987 propter
1096 2925 1200 2972 tructus

175 2997 375 3060 percipiendos
389 3013 443 3048 non
461 3004 571 3061 propter
586 3003 721 3060 quaestum
740 2997 909 3060 praeponitur
924 3019 945 3045 ».
958 2997 1009 3058 (0.,
1023 2996 1089 3052 XIV,
1106 2997 1129 3053 3,
1147 2997 1198 3055 15.)

177 3068 253 3120 Unde
272 3075 385 3131 apparet
404 3071 453 3118 has
474 3070 508 3119 de
531 3069 631 3131 quibus
651 3070 790 3132 loquimur
808 3068 930 3118 actiones
950 3067 1066 3117 maxime
1081 3065 1199 3127 negotiu-

178 3140 283 3190 tionum
300 3142 387 3202 gretia
399 3141 570 3190 introductas
581 3155 641 3190 esse
654 3141 724 3190 etad
740 3154 771 3189 ec
787 3140 895 3202 negotia
910 3153 970 3200 quae
983 3138 1056 3200 opud
1070 3151 1118 3185 nos
1136 3150 1199 3184 com-

174 3213 310 3261 mercious
323 3212 454 3261 dicuntur
467 3213 495 3260 in
513 3212 610 3274 primis
627 3212 774 3273 pertinere.
789 3211 971 3260 -Invenitur
986 3209 1067 3258 etiarn
1081 3231 1090 3249 a
1104 3221 1198 3256 servus

175 3283 256 3332 unius
272 3297 304 3332 ex
324 3283 415 3340 sociis,
437 3283 561 3333 societati
581 3297 596 3332 u
615 3283 727 3332 domino
750 3282 912 3344 praepositus
937 3282 1012 3343 ·(D.,
1026 3281 1104 3337 XVII,
1121 3282 1143 3338 2,
1158 3282 1196 3335 33,

173 3354 325 3415 31311111
346 3355 472 3416 sequenti
493 3355 643 3416 fragmento
666 3369 672 3400 :
695 3376 705 3395 «
725 3353 752 3403 Si
767 3354 848 3402 ambo
870 3352 936 3402 socii
959 3365 1067 3400 servum
1083 3349 1197 3398 ulterius

172 3426 400 3488 praeposuerint...
420 3449 430 3468 »
453 3426 509 3475 lmo
527 3439 622 3476 servus
644 3430 735 3486 potest
755 3424 864 3473 admitti
890 3424 980 3472 socius
999 3438 1004 3470 :
1024 3445 1033 3462 α
1056 3422 1083 3471 Si
1102 3433 1196 3470 servus

174 3495 330 3546 societatem
345 3496 468 3546 coierit...
486 3498 557 3559 »(I).,
567 3496 646 3556 XVII,
658 3500 680 3555 2,
694 3498 741 3558 18.)
753 3523 780 3530 -
789 3495 933 3544 Fullonum
943 3495 1195 3553 sarcinatorumque

172 3565 316 3617 institores
339 3569 531 3628 inveniuntur;
551 3567 692 3617 institores
712 3566 865 3615 dicuntur:
885 3566 1034 3626 circitoros,
1052 3564 1194 3622 muliones,

174 3639 325 3688 stabularii.
338 3639 390 3702 (0.,
407 3639 474 3698 XIV,
486 3641 509 3698 3,
523 3642 546 3700 5,
561 3639 574 3700 3
588 3642 639 3688 tet
654 3639 722 3701 seq.)
732 3665 762 3672 -
775 3639 808 3687 Ut
824 3637 934 3686 institor
944 3637 1059 3686 hebetur
1074 3659 1082 3675 u
1101 3649 1195 3684 servus

172 3708 272 3759 missus
286 3711 320 3759 ad
338 3723 442 3759 merces
461 3710 659 3771 comparandas
677 3731 698 3757 υ.
717 3709 768 3771 (0.,
786 3708 851 3767 XIV,
866 3710 889 3767 3,
903 3711 926 3767 5,
939 3709 951 3769 3
965 3711 999 3769 t.)
1017 3708 1107 3756 -Per
1121 3706 1196 3754 insti·

172 3782 245 3830 tores
273 3780 355 3832 etiarn
384 3781 580 3842 negotiationes
602 3785 763 3830 exercentur
785 3780 813 3827 in
839 3779 995 3840 longinquis
1019 3778 1192 3840 regionibus3

174 3849 264 3911 Gaius,
280 3857 312 3902 ut
334 3852 368 3902 de
387 3866 415 3901 re
433 3851 580 3912 frequenti,
599 3851 722 3912 loquitur
745 3851 779 3900 de
798 3850 841 3899 hIs
867 3873 877 3890 «
901 3850 949 3910 qui
965 3849 1192 3898 transmaritimas

171 3924 379 3985 negotiationes,
399 3928 426 3972 et
444 3923 506 3972 aliis
524 3923 688 3984 regionibus
703 3935 785 3983 quarn
805 3921 832 3969 in
851 3921 952 3982 quihus
972 3921 1025 3982 ipsi
1043 3924 1192 3978 morantur,

171 4005 220 4054 per
232 4008 326 4044 servos
342 3999 425 4056 atque
441 3994 554 4043 libertos
569 3998 694 4043 exercent
714 4015 734 4039 ·.
754 3993 805 4054 (0.,
820 3992 872 4053 XL,
889 3996 912 4052 9,
927 3993 974 4050 to.)
