3080 5034
258 613 293 665 22
569 611 724 676 QUOMODO
748 611 814 666 Plllt
836 611 965 664 SllllVOS

255 756 459 839 temporibus
488 755 603 818 eadem
625 762 675 820 est
696 777 774 820 cura
800 777 834 820 se
860 755 1099 832 dissimulandi,
1126 757 1184 819 sed
1210 778 1277 820 non

255 873 508 956 publicanorum
546 878 604 934 aut
643 873 826 936 amicorum
861 893 981 936 nomen
1012 873 1228 955 praetenditur
1267 895 1274 936 :

255 1009 370 1051 servus
380 995 438 1051 aut
449 989 587 1052 libertus
602 989 715 1053 illeest
726 989 918 1072 quidomiui
934 1009 1108 1073 personam
1120 990 1273 1053 sustinet.

296 1104 553 1168 publicanorum
574 1106 662 1168 enim
684 1106 948 1188 societatumque
972 1105 1098 1168 felicior
1119 1107 1276 1189 praeteriit

255 1227 366 1296 retas¹‚
388 1222 564 1305 provinciae
584 1242 650 1284 non
667 1222 736 1304 jam
757 1228 794 1284 ut
809 1222 961 1314 regiones
981 1242 1020 1284 ex
1039 1221 1161 1304 quibus
1175 1223 1273 1305 'quod

253 1338 404 1420 exigatur
428 1338 568 1400 recentis
597 1337 674 1400 belli
700 1338 842 1421 pretium
866 1337 1006 1412 videtur,
1024 1339 1080 1400 sed
1105 1345 1142 1400 ut
1170 1337 1273 1420 ipsius

255 1453 386 1536 lmperii
415 1459 524 1536 partes
552 1453 727 1530 habentur,
756 1460 788 1516 et
814 1454 958 1536 aequiore
986 1453 1096 1516 animo
1118 1453 1273 1516 adminis-

253 1573 391 1632 trantur.

293 1685 463 1748 Ciceronis
491 1685 578 1747 enim
603 1690 749 1767 tempore
777 1686 927 1768 pecuniae
949 1685 1129 1768 saepissime
1153 1686 1275 1768 princi-

252 1800 349 1883 pibus
370 1807 428 1863 aut
453 1801 642 1864 civitatibus
668 1801 898 1879 credebantur,
923 1802 1117 1884 plerumque
1140 1807 1175 1863 ut
1197 1802 1272 1864 civi-

252 1922 337 1979 tates
359 1917 532 2000 vectigalia
552 1938 570 1980 a
591 1917 751 1980 Romanis
774 1917 940 2001 imposita,
960 1937 979 1980 a
1001 1917 1188 2000 publicanis
1208 1917 1274 1979 col-

251 2032 346 2111 lecta,
376 2033 501 2096 solvere
524 2039 670 2116 possent,
696 2039 796 2116 atque
827 2033 872 2095 ita
901 2033 1043 2095 circuitu
1065 2032 1209 2115 quodam
1235 2054 1274 2095 ex

253 2149 340 2211 Urbe
361 2151 518 2231 proiectae
538 2150 571 2211 in
600 2149 721 2214 Urbem
741 2148 893 2212 redibant
914 2148 1074 2232 pecuniae,
1094 2155 1126 2211 et
1150 2149 1274 2231 duplici

251 2265 383 2346 quidem
402 2266 454 2328 via
475 2265 688 2347 maximoque
707 2265 923 2339 incremento,
941 2285 1017 2327 cum
1036 2269 1068 2327 et
1084 2263 1224 2348 vectigal
1241 2271 1274 2327 et

252 2401 360 2442 usurae
376 2381 492 2462 etipsa
509 2400 581 2442 sors
597 2382 737 2443 Romam
752 2381 957 2444 confluerent
971 2381 992 2444 ².

291 2495 422 2577 Imperii
450 2501 561 2558 autem
593 2496 808 2579 temporibus,
833 2496 873 2559 de
895 2496 1026 2580 quibus·
1036 2497 1202 2580 praecipue
1223 2496 1271 2560 lo-

250 2611 393 2694 quimur,
413 2631 452 2674 ex
480 2611 683 2674 collocandis
709 2613 858 2695 pecuniis
887 2619 919 2676 et
944 2633 983 2675 ex
1007 2613 1117 2676 usuris
1139 2634 1269 2697 semper

249 2733 397 2809 quaestus
417 2727 606 2810 requiritur,
625 2728 682 2792 sed
706 2749 752 2792 eae
774 2729 922 2812 pecuniae
942 2729 1049 2812 magis
1068 2729 1101 2790 in
1124 2730 1272 2812 negotia-

248 2843 396 2908 tionibus
425 2843 648 2928 implicantur.
675 2844 754 2907 lnde
778 2845 960 2908 necessitas
984 2865 1052 2908 rem
1080 2846 1269 2909 accuratius

247 2961 383 3043 gerendi
405 2967 438 3024 et
461 2961 698 3044 negotiationis
721 2961 811 3024 vices
833 2962 964 3024 assidue
983 2962 1178 3025 observandi
1198 2968 1270 3025 orta

251 3081 311 3152 est,
343 3097 504 3159 servoque
530 3076 564 3139 id
595 3077 810 3140 commissum
845 3083 896 3140 est
924 3077 1002 3139 dum
1031 3077 1185 3140 dominus
1214 3084 1272 3141 aut

252 3191 1268 3276 publicisrebusoperamdabatautvoluptatibusindulgebat.

293 3307 383 3370 Servi
410 3307 497 3370 enim
522 3307 563 3371 ad
585 3308 825 3391 negotiandum
844 3309 997 3384 naturali,
1019 3314 1056 3371 ut
1079 3309 1125 3372 ita
1149 3309 1270 3386 dicam,

251 3441 360 3484 rerum
373 3443 474 3484 cursu
486 3422 620 3486 adducti
632 3429 735 3487 erant.
750 3424 786 3486 ln
802 3423 948 3506 antiquis
962 3423 1167 3507 temporibus
1182 3423 1271 3506 quod

251 3537 383 3600 familiae
400 3537 479 3600 utile
493 3546 563 3602 erat
578 3560 617 3602 ex
636 3540 799 3622 cujusque
819 3539 949 3602 familiae
971 3540 1060 3624 agris
1084 3539 1271 3623 suppedita-

282 3804 304 3852 l.
323 3803 408 3865 Cujus
431 3806 560 3866 temporis
578 3805 695 3855 vividam
715 3805 839 3856 invenies
858 3807 992 3870 picturam
1013 3806 1041 3856 in
1055 3806 1126 3856 libro
1140 3806 1269 3856 Antonini

249 3875 380 3925 Delonme
395 3891 400 3923 :
416 3877 462 3926 Les
476 3877 611 3926 monierus
627 3878 777 3941 d’arpentct
792 3880 868 3928 Rome
877 3879 988 3944 jusqu’ct
1006 3878 1140 3942 l'Empire.

251 3947 361 4066 taphet.
381 3947 461 4010 Plus,
478 3946 612 4009 Lucullus,
630 3949 684 4000 XX.
700 3949 755 4000 Lex
769 3949 881 4000 Gabinia
895 3951 922 4000 id
938 3950 1082 4013 prohibere
1097 3951 1198 4001 frustra
1215 3956 1272 4002 ten-
