<?xml version="1.0" encoding="UTF-8"?>
<!DOCTYPE html PUBLIC "-//W3C//DTD XHTML 1.0 Transitional//EN"
    "http://www.w3.org/TR/xhtml1/DTD/xhtml1-transitional.dtd">
<html xmlns="http://www.w3.org/1999/xhtml" xml:lang="en" lang="en">
 <head>
  <title>
</title>
<meta http-equiv="Content-Type" content="text/html;charset=utf-8" />
  <meta name='ocr-system' content='tesseract 3.04.00' />
  <meta name='ocr-capabilities' content='ocr_page ocr_carea ocr_par ocr_line ocrx_word'/>
</head>
<body>
  <div class='ocr_page' id='page_1' title='image "./quomodoperservo00juglgoog_0055.png"; bbox 0 0 3080 5034; ppageno 0'>
   <div class='ocr_carea' id='block_1_1' title="bbox 456 605 1200 662">
    <p class='ocr_par' dir='ltr' id='par_1_1' title="bbox 456 605 1200 662">
     <span class='ocr_line' id='line_1_1' title="bbox 456 605 1200 662; baseline 0.004 -3"><span class='ocrx_word' id='word_1_1' title='bbox 456 605 748 661; x_wconf 76' lang='lat' dir='ltr'><strong>NEGOTIARENTUR</strong></span> <span class='ocrx_word' id='word_1_2' title='bbox 769 605 901 660; x_wconf 73' lang='lat' dir='ltr'>nonnul</span> <span class='ocrx_word' id='word_1_3' title='bbox 1163 610 1200 662; x_wconf 75' lang='lat'>45</span> 
     </span>
    </p>
   </div>
   <div class='ocr_carea' id='block_1_2' title="bbox 168 750 1203 3152">
    <p class='ocr_par' dir='ltr' id='par_1_2' title="bbox 172 750 1201 930">
     <span class='ocr_line' id='line_1_2' title="bbox 172 750 1201 835; baseline 0.004 -23"><span class='ocrx_word' id='word_1_4' title='bbox 172 750 293 815; x_wconf 87' lang='lat' dir='ltr'>liberos</span> <span class='ocrx_word' id='word_1_5' title='bbox 309 773 382 815; x_wconf 89' lang='lat' dir='ltr'>esse</span> <span class='ocrx_word' id='word_1_6' title='bbox 394 752 497 834; x_wconf 90' lang='lat' dir='ltr'>jussit</span> <span class='ocrx_word' id='word_1_7' title='bbox 516 773 611 835; x_wconf 79' lang='lat' dir='ltr'>aeque</span> <span class='ocrx_word' id='word_1_8' title='bbox 631 772 709 814; x_wconf 89' lang='lat' dir='ltr'>cum</span> <span class='ocrx_word' id='word_1_9' title='bbox 728 753 791 815; x_wconf 84' lang='lat' dir='ltr'>hac</span> <span class='ocrx_word' id='word_1_10' title='bbox 807 751 1005 835; x_wconf 84' lang='lat' dir='ltr'>adjectione,</span> <span class='ocrx_word' id='word_1_11' title='bbox 1022 756 1047 815; x_wconf 84' lang='lat' dir='ltr'>si</span> <span class='ocrx_word' id='word_1_12' title='bbox 1066 758 1201 817; x_wconf 82' lang='lat' dir='ltr'>rationes</span> 
     </span>
     <span class='ocr_line' id='line_1_3' title="bbox 174 868 560 930; baseline -0.005 -2"><span class='ocrx_word' id='word_1_13' title='bbox 174 868 277 930; x_wconf 78' lang='lat' dir='ltr'>heredi</span> <span class='ocrx_word' id='word_1_14' title='bbox 292 868 489 930; x_wconf 79' lang='lat' dir='ltr'>reddiderint</span> <span class='ocrx_word' id='word_1_15' title='bbox 504 875 525 929; x_wconf 87' lang='lat'>¹.</span> <span class='ocrx_word' id='word_1_16' title='bbox 545 895 560 926; x_wconf 91' lang='lat'>»</span> 
     </span>
    </p>

    <p class='ocr_par' dir='ltr' id='par_1_3' title="bbox 168 984 1203 3152">
     <span class='ocr_line' id='line_1_4' title="bbox 214 984 1203 1068; baseline 0.006 -24"><span class='ocrx_word' id='word_1_17' title='bbox 214 984 261 1045; x_wconf 83' lang='lat' dir='ltr'>Ex</span> <span class='ocrx_word' id='word_1_18' title='bbox 276 985 329 1046; x_wconf 91' lang='lat' dir='ltr'>his</span> <span class='ocrx_word' id='word_1_19' title='bbox 346 984 441 1060; x_wconf 63' lang='lat' dir='ltr'>locu,</span> <span class='ocrx_word' id='word_1_20' title='bbox 452 984 552 1047; x_wconf 82' lang='lat' dir='ltr'>etiam</span> <span class='ocrx_word' id='word_1_21' title='bbox 563 1005 641 1047; x_wconf 91' lang='lat' dir='ltr'>cum</span> <span class='ocrx_word' id='word_1_22' title='bbox 656 1005 765 1068; x_wconf 85' lang='lat' dir='ltr'>graece</span> <span class='ocrx_word' id='word_1_23' title='bbox 775 985 909 1068; x_wconf 76' lang='lat' dir='ltr'><strong>scripsit</strong></span> <span class='ocrx_word' id='word_1_24' title='bbox 919 992 1069 1060; x_wconf 80' lang='lat' dir='ltr'>testator,</span> <span class='ocrx_word' id='word_1_25' title='bbox 1081 988 1203 1050; x_wconf 82' lang='lat' dir='ltr'>actoris</span> 
     </span>
     <span class='ocr_line' id='line_1_5' title="bbox 173 1099 1203 1184; baseline 0.003 -22"><span class='ocrx_word' id='word_1_26' title='bbox 173 1099 262 1163; x_wconf 90' lang='lat' dir='ltr'>vices</span> <span class='ocrx_word' id='word_1_27' title='bbox 277 1120 345 1162; x_wconf 91' lang='lat' dir='ltr'>non</span> <span class='ocrx_word' id='word_1_28' title='bbox 366 1099 547 1163; x_wconf 86' lang='lat' dir='ltr'>dilucidius</span> <span class='ocrx_word' id='word_1_29' title='bbox 566 1101 660 1163; x_wconf 91' lang='lat' dir='ltr'>nosci</span> <span class='ocrx_word' id='word_1_30' title='bbox 679 1106 833 1183; x_wconf 77' lang='lat' dir='ltr'><strong>possunt,</strong></span> <span class='ocrx_word' id='word_1_31' title='bbox 851 1101 908 1164; x_wconf 90' lang='lat' dir='ltr'>sed</span> <span class='ocrx_word' id='word_1_32' title='bbox 928 1122 968 1163; x_wconf 84' lang='lat' dir='ltr'>ex</span> <span class='ocrx_word' id='word_1_33' title='bbox 987 1102 1203 1184; x_wconf 87' lang='lat' dir='ltr'>sequentibus</span> 
     </span>
     <span class='ocr_line' id='line_1_6' title="bbox 173 1215 1200 1299; baseline 0.001 -21"><span class='ocrx_word' id='word_1_34' title='bbox 173 1215 382 1279; x_wconf 81' lang='lat' dir='ltr'>manifestius</span> <span class='ocrx_word' id='word_1_35' title='bbox 395 1216 569 1299; x_wconf 84' lang='lat' dir='ltr'>apparebit</span> <span class='ocrx_word' id='word_1_36' title='bbox 576 1215 657 1298; x_wconf 91' lang='lat' dir='ltr'>quid</span> <span class='ocrx_word' id='word_1_37' title='bbox 671 1223 786 1299; x_wconf 81' lang='lat' dir='ltr'>ageret</span> <span class='ocrx_word' id='word_1_38' title='bbox 795 1223 899 1292; x_wconf 85' lang='lat' dir='ltr'>actor,</span> <span class='ocrx_word' id='word_1_39' title='bbox 911 1224 945 1280; x_wconf 90' lang='lat' dir='ltr'>et</span> <span class='ocrx_word' id='word_1_40' title='bbox 959 1218 1081 1280; x_wconf 84' lang='lat' dir='ltr'>actoris</span> <span class='ocrx_word' id='word_1_41' title='bbox 1097 1218 1200 1280; x_wconf 88' lang='lat' dir='ltr'>vicem</span> 
     </span>
     <span class='ocr_line' id='line_1_7' title="bbox 173 1332 1202 1415; baseline 0.004 -23"><span class='ocrx_word' id='word_1_42' title='bbox 173 1334 206 1392; x_wconf 92' lang='lat' dir='ltr'>in</span> <span class='ocrx_word' id='word_1_43' title='bbox 234 1332 385 1415; x_wconf 89' lang='lat' dir='ltr'>pecuniis</span> <span class='ocrx_word' id='word_1_44' title='bbox 413 1332 607 1395; x_wconf 82' lang='lat' dir='ltr'>exercendis</span> <span class='ocrx_word' id='word_1_45' title='bbox 625 1333 809 1414; x_wconf 86' lang='lat' dir='ltr'>praesertim</span> <span class='ocrx_word' id='word_1_46' title='bbox 836 1333 997 1395; x_wconf 76' lang='lat' dir='ltr'>contineri</span> <span class='ocrx_word' id='word_1_47' title='bbox 1020 1339 1099 1396; x_wconf 90' lang='lat' dir='ltr'>tunc</span> <span class='ocrx_word' id='word_1_48' title='bbox 1128 1354 1202 1396; x_wconf 91' lang='lat' dir='ltr'>nos·</span> 
     </span>
     <span class='ocr_line' id='line_1_8' title="bbox 173 1450 1202 1533; baseline 0.001 -22"><span class='ocrx_word' id='word_1_49' title='bbox 173 1469 300 1512; x_wconf 89' lang='lat' dir='ltr'>cemus.</span> <span class='ocrx_word' id='word_1_50' title='bbox 313 1475 327 1506; x_wconf 89' lang='lat'>«</span> <span class='ocrx_word' id='word_1_51' title='bbox 337 1450 557 1532; x_wconf 72' lang='lat' dir='ltr'>Argentarius</span> <span class='ocrx_word' id='word_1_52' title='bbox 567 1455 713 1527; x_wconf 80' lang='lat' dir='ltr'>coactor,</span> <span class='ocrx_word' id='word_1_53' title='bbox 726 1470 804 1512; x_wconf 90' lang='lat' dir='ltr'>cum</span> <span class='ocrx_word' id='word_1_54' title='bbox 816 1470 900 1533; x_wconf 92' lang='lat' dir='ltr'>pene</span> <span class='ocrx_word' id='word_1_55' title='bbox 915 1456 1019 1512; x_wconf 76' lang='lat' dir='ltr'>totam</span> <span class='ocrx_word' id='word_1_56' title='bbox 1035 1452 1202 1513; x_wconf 81' lang='lat' dir='ltr'>fortunam</span> 
     </span>
     <span class='ocr_line' id='line_1_9' title="bbox 171 1564 1203 1639; baseline 0.002 -13"><span class='ocrx_word' id='word_1_57' title='bbox 171 1565 204 1626; x_wconf 93' lang='lat' dir='ltr'>in</span> <span class='ocrx_word' id='word_1_58' title='bbox 232 1564 426 1627; x_wconf 91' lang='lat' dir='ltr'>nominibus</span> <span class='ocrx_word' id='word_1_59' title='bbox 453 1564 601 1639; x_wconf 87' lang='lat' dir='ltr'>haberet,</span> <span class='ocrx_word' id='word_1_60' title='bbox 627 1565 729 1628; x_wconf 90' lang='lat' dir='ltr'>servis</span> <span class='ocrx_word' id='word_1_61' title='bbox 757 1565 928 1628; x_wconf 85' lang='lat' dir='ltr'>actoribus</span> <span class='ocrx_word' id='word_1_62' title='bbox 948 1565 1133 1628; x_wconf 86' lang='lat' dir='ltr'>libertatem</span> <span class='ocrx_word' id='word_1_63' title='bbox 1157 1567 1203 1628; x_wconf 85' lang='lat' dir='ltr'>ita</span> 
     </span>
     <span class='ocr_line' id='line_1_10' title="bbox 171 1683 1202 1765; baseline 0 -21"><span class='ocrx_word' id='word_1_64' title='bbox 171 1683 280 1746; x_wconf 91' lang='lat' dir='ltr'>dedit:</span> <span class='ocrx_word' id='word_1_65' title='bbox 300 1683 445 1765; x_wconf 77' lang='lat' dir='ltr'>Quisquis</span> <span class='ocrx_word' id='word_1_66' title='bbox 462 1684 539 1745; x_wconf 81' lang='lat' dir='ltr'>mihi</span> <span class='ocrx_word' id='word_1_67' title='bbox 555 1684 640 1745; x_wconf 79' lang='lat' dir='ltr'>heres</span> <span class='ocrx_word' id='word_1_68' title='bbox 656 1685 725 1760; x_wconf 85' lang='lat' dir='ltr'>erit,</span> <span class='ocrx_word' id='word_1_69' title='bbox 741 1685 769 1745; x_wconf 80' lang='lat' dir='ltr'>si</span> <span class='ocrx_word' id='word_1_70' title='bbox 786 1683 885 1746; x_wconf 84' lang='lat' dir='ltr'><strong><em>Dama</em></strong></span> <span class='ocrx_word' id='word_1_71' title='bbox 900 1705 1005 1746; x_wconf 78' lang='lat' dir='ltr'>servus</span> <span class='ocrx_word' id='word_1_72' title='bbox 1020 1705 1103 1746; x_wconf 85' lang='lat' dir='ltr'>meus</span> <span class='ocrx_word' id='word_1_73' title='bbox 1117 1694 1202 1746; x_wconf 78' lang='lat' dir='ltr'>octus</span> 
     </span>
     <span class='ocr_line' id='line_1_11' title="bbox 171 1797 1202 1882; baseline 0 -23"><span class='ocrx_word' id='word_1_74' title='bbox 171 1799 230 1874; x_wconf 79' lang='lat' dir='ltr'>sui,</span> <span class='ocrx_word' id='word_1_75' title='bbox 244 1800 298 1881; x_wconf 83' lang='lat' dir='ltr'>qui</span> <span class='ocrx_word' id='word_1_76' title='bbox 311 1799 419 1881; x_wconf 77' lang='lat' dir='ltr'>cipitur</span> <span class='ocrx_word' id='word_1_77' title='bbox 433 1799 555 1860; x_wconf 82' lang='lat' dir='ltr'>nomine</span> <span class='ocrx_word' id='word_1_78' title='bbox 571 1797 640 1880; x_wconf 83' lang='lat' dir='ltr'>ejus</span> <span class='ocrx_word' id='word_1_79' title='bbox 656 1810 683 1860; x_wconf 86' lang='lat' dir='ltr'>et</span> <span class='ocrx_word' id='word_1_80' title='bbox 700 1800 860 1882; x_wconf 81' lang='lat' dir='ltr'>Pamphili</span> <span class='ocrx_word' id='word_1_81' title='bbox 876 1801 1013 1862; x_wconf 82' lang='lat' dir='ltr'>conservi</span> <span class='ocrx_word' id='word_1_82' title='bbox 1026 1803 1084 1872; x_wconf 82' lang='lat' dir='ltr'>sui,</span> <span class='ocrx_word' id='word_1_83' title='bbox 1097 1800 1202 1862; x_wconf 81' lang='lat' dir='ltr'>heredi</span> 
     </span>
     <span class='ocr_line' id='line_1_12' title="bbox 174 1913 1200 1996; baseline 0.001 -21"><span class='ocrx_word' id='word_1_84' title='bbox 174 1935 239 1976; x_wconf 86' lang='lat' dir='ltr'>meo</span> <span class='ocrx_word' id='word_1_85' title='bbox 255 1915 393 1976; x_wconf 79' lang='lat' dir='ltr'>rationes</span> <span class='ocrx_word' id='word_1_86' title='bbox 407 1913 591 1987; x_wconf 85' lang='lat' dir='ltr'>reddiderit,</span> <span class='ocrx_word' id='word_1_87' title='bbox 604 1915 760 1996; x_wconf 82' lang='lat' dir='ltr'>pariaque</span> <span class='ocrx_word' id='word_1_88' title='bbox 775 1915 884 1995; x_wconf 75' lang='lat' dir='ltr'>fecerit</span> <span class='ocrx_word' id='word_1_89' title='bbox 902 1936 920 1975; x_wconf 89' lang='lat' dir='ltr'>u</span> <span class='ocrx_word' id='word_1_90' title='bbox 936 1915 985 1976; x_wconf 83' lang='lat' dir='ltr'>die</span> <span class='ocrx_word' id='word_1_91' title='bbox 996 1918 1102 1976; x_wconf 83' lang='lat' dir='ltr'>mortis</span> <span class='ocrx_word' id='word_1_92' title='bbox 1118 1936 1200 1988; x_wconf 72' lang='lat' dir='ltr'>meu,</span> 
     </span>
     <span class='ocr_line' id='line_1_13' title="bbox 171 2029 1202 2092; baseline -0.001 -2"><span class='ocrx_word' id='word_1_93' title='bbox 171 2031 255 2091; x_wconf 82' lang='lat' dir='ltr'>iutra</span> <span class='ocrx_word' id='word_1_94' title='bbox 284 2049 415 2090; x_wconf 79' lang='lat' dir='ltr'>mensem</span> <span class='ocrx_word' id='word_1_95' title='bbox 443 2039 563 2092; x_wconf 78' lang='lat' dir='ltr'>sectum</span> <span class='ocrx_word' id='word_1_96' title='bbox 590 2049 597 2090; x_wconf 93' lang='lat'>:</span> <span class='ocrx_word' id='word_1_97' title='bbox 629 2029 708 2091; x_wconf 83' lang='lat' dir='ltr'>liber</span> <span class='ocrx_word' id='word_1_98' title='bbox 733 2039 795 2090; x_wconf 79' lang='lat' dir='ltr'>erto</span> <span class='ocrx_word' id='word_1_99' title='bbox 812 2031 834 2090; x_wconf 72' lang='lat'>2.</span> <span class='ocrx_word' id='word_1_100' title='bbox 867 2056 882 2088; x_wconf 76' lang='lat' dir='ltr'>u</span> <span class='ocrx_word' id='word_1_101' title='bbox 907 2065 946 2076; x_wconf 94' lang='lat'><em>-</em></span> <span class='ocrx_word' id='word_1_102' title='bbox 967 2056 982 2087; x_wconf 92' lang='lat'>«</span> <span class='ocrx_word' id='word_1_103' title='bbox 1075 2030 1202 2092; x_wconf 81' lang='lat' dir='ltr'>Centum</span> 
     </span>
     <span class='ocr_line' id='line_1_14' title="bbox 172 2145 1200 2227; baseline -0.001 -20"><span class='ocrx_word' id='word_1_104' title='bbox 172 2165 322 2218; x_wconf 82' lang='lat' dir='ltr'>nummos,</span> <span class='ocrx_word' id='word_1_105' title='bbox 338 2165 412 2227; x_wconf 84' lang='lat' dir='ltr'>quos</span> <span class='ocrx_word' id='word_1_106' title='bbox 425 2145 542 2207; x_wconf 74' lang='lat' dir='ltr'>hoodie</span> <span class='ocrx_word' id='word_1_107' title='bbox 556 2145 778 2207; x_wconf 82' lang='lat' dir='ltr'>commendasti</span> <span class='ocrx_word' id='word_1_108' title='bbox 793 2145 869 2207; x_wconf 80' lang='lat' dir='ltr'>mitti</span> <span class='ocrx_word' id='word_1_109' title='bbox 884 2145 1200 2208; x_wconf 81' lang='lat' dir='ltr'>adnumeruutescruo</span> 
     </span>
     <span class='ocr_line' id='line_1_15' title="bbox 171 2260 1196 2344; baseline 0 -22"><span class='ocrx_word' id='word_1_110' title='bbox 171 2261 277 2322; x_wconf 73' lang='lat' dir='ltr'>Sticho</span> <span class='ocrx_word' id='word_1_111' title='bbox 292 2271 405 2337; x_wconf 82' lang='lat' dir='ltr'>actore,</span> <span class='ocrx_word' id='word_1_112' title='bbox 419 2281 480 2323; x_wconf 80' lang='lat' dir='ltr'>esse</span> <span class='ocrx_word' id='word_1_113' title='bbox 494 2260 580 2344; x_wconf 85' lang='lat' dir='ltr'>opud</span> <span class='ocrx_word' id='word_1_114' title='bbox 594 2281 651 2335; x_wconf 85' lang='lat' dir='ltr'>me,</span> <span class='ocrx_word' id='word_1_115' title='bbox 663 2273 695 2322; x_wconf 92' lang='lat' dir='ltr'>ut</span> <span class='ocrx_word' id='word_1_116' title='bbox 710 2271 817 2322; x_wconf 87' lang='lat' dir='ltr'>uotum</span> <span class='ocrx_word' id='word_1_117' title='bbox 833 2261 968 2338; x_wconf 79' lang='lat' dir='ltr'>tuberes,</span> <span class='ocrx_word' id='word_1_118' title='bbox 983 2262 1037 2322; x_wconf 82' lang='lat' dir='ltr'>huc</span> <span class='ocrx_word' id='word_1_119' title='bbox 1053 2262 1196 2344; x_wconf 78' lang='lat' dir='ltr'>epistola,</span> 
     </span>
     <span class='ocr_line' id='line_1_16' title="bbox 170 2376 1198 2460; baseline 0.002 -23"><span class='ocrx_word' id='word_1_120' title='bbox 170 2398 263 2438; x_wconf 85' lang='lat' dir='ltr'>mauu</span> <span class='ocrx_word' id='word_1_121' title='bbox 275 2397 342 2438; x_wconf 87' lang='lat' dir='ltr'>meo</span> <span class='ocrx_word' id='word_1_122' title='bbox 356 2377 485 2459; x_wconf 83' lang='lat' dir='ltr'>scriptu,</span> <span class='ocrx_word' id='word_1_123' title='bbox 502 2376 559 2438; x_wconf 84' lang='lat' dir='ltr'>tibi</span> <span class='ocrx_word' id='word_1_124' title='bbox 573 2386 681 2437; x_wconf 86' lang='lat' dir='ltr'>uotum</span> <span class='ocrx_word' id='word_1_125' title='bbox 695 2377 781 2457; x_wconf 84' lang='lat' dir='ltr'>socio</span> <span class='ocrx_word' id='word_1_126' title='bbox 801 2397 904 2460; x_wconf 66' lang='lat' dir='ltr'>sputo,</span> <span class='ocrx_word' id='word_1_127' title='bbox 923 2380 1046 2460; x_wconf 85' lang='lat' dir='ltr'>quaudo</span> <span class='ocrx_word' id='word_1_128' title='bbox 1060 2377 1153 2454; x_wconf 84' lang='lat' dir='ltr'>uoles,</span> <span class='ocrx_word' id='word_1_129' title='bbox 1170 2389 1198 2440; x_wconf 88' lang='lat' dir='ltr'>et</span> 
     </span>
     <span class='ocr_line' id='line_1_17' title="bbox 168 2492 1193 2576; baseline 0.003 -23"><span class='ocrx_word' id='word_1_130' title='bbox 168 2492 221 2554; x_wconf 81' lang='lat' dir='ltr'>ubi</span> <span class='ocrx_word' id='word_1_131' title='bbox 235 2492 328 2567; x_wconf 77' lang='lat' dir='ltr'>uoles,</span> <span class='ocrx_word' id='word_1_132' title='bbox 342 2493 504 2573; x_wconf 81' lang='lat' dir='ltr'>confestim</span> <span class='ocrx_word' id='word_1_133' title='bbox 520 2492 577 2554; x_wconf 81' lang='lat' dir='ltr'>titi</span> <span class='ocrx_word' id='word_1_134' title='bbox 590 2492 777 2554; x_wconf 77' lang='lat' dir='ltr'>numerabo³</span> <span class='ocrx_word' id='word_1_135' title='bbox 790 2517 819 2556; x_wconf 90' lang='lat'>».</span> <span class='ocrx_word' id='word_1_136' title='bbox 831 2530 870 2540; x_wconf 98' lang='lat'>—</span> <span class='ocrx_word' id='word_1_137' title='bbox 883 2520 897 2549; x_wconf 78' lang='grc' dir='ltr'>α</span> <span class='ocrx_word' id='word_1_138' title='bbox 911 2494 970 2555; x_wconf 89' lang='lat' dir='ltr'>His</span> <span class='ocrx_word' id='word_1_139' title='bbox 986 2493 1094 2556; x_wconf 88' lang='lat' dir='ltr'>verbis</span> <span class='ocrx_word' id='word_1_140' title='bbox 1105 2494 1193 2576; x_wconf 85' lang='lat' dir='ltr'>lega·</span> 
     </span>
     <span class='ocr_line' id='line_1_18' title="bbox 168 2608 1196 2692; baseline 0.002 -22"><span class='ocrx_word' id='word_1_141' title='bbox 168 2609 212 2670; x_wconf 88' lang='lat' dir='ltr'>vit</span> <span class='ocrx_word' id='word_1_142' title='bbox 235 2627 241 2668; x_wconf 94' lang='lat'><strong>:</strong></span> <span class='ocrx_word' id='word_1_143' title='bbox 263 2609 362 2671; x_wconf 73' lang='lat' dir='ltr'>Uxori</span> <span class='ocrx_word' id='word_1_144' title='bbox 376 2629 450 2670; x_wconf 84' lang='lat' dir='ltr'>meae</span> <span class='ocrx_word' id='word_1_145' title='bbox 469 2608 616 2670; x_wconf 84' lang='lat' dir='ltr'>lateralia</span> <span class='ocrx_word' id='word_1_146' title='bbox 633 2629 700 2669; x_wconf 83' lang='lat' dir='ltr'>mea</span> <span class='ocrx_word' id='word_1_147' title='bbox 719 2609 865 2683; x_wconf 85' lang='lat' dir='ltr'>viatoria,</span> <span class='ocrx_word' id='word_1_148' title='bbox 883 2621 912 2670; x_wconf 91' lang='lat' dir='ltr'>et</span> <span class='ocrx_word' id='word_1_149' title='bbox 932 2611 1084 2692; x_wconf 85' lang='lat' dir='ltr'>quidquid</span> <span class='ocrx_word' id='word_1_150' title='bbox 1100 2613 1133 2670; x_wconf 88' lang='lat' dir='ltr'>iu</span> <span class='ocrx_word' id='word_1_151' title='bbox 1149 2609 1196 2672; x_wconf 83' lang='lat' dir='ltr'>lu&#39;s</span> 
     </span>
     <span class='ocr_line' id='line_1_19' title="bbox 169 2722 1196 2806; baseline 0.002 -22"><span class='ocrx_word' id='word_1_152' title='bbox 169 2722 327 2785; x_wconf 84' lang='lat' dir='ltr'>conditum</span> <span class='ocrx_word' id='word_1_153' title='bbox 348 2724 418 2800; x_wconf 81' lang='lat' dir='ltr'>erit,</span> <span class='ocrx_word' id='word_1_154' title='bbox 438 2745 507 2806; x_wconf 74' lang='lat' dir='ltr'>quie</span> <span class='ocrx_word' id='word_1_155' title='bbox 528 2723 740 2786; x_wconf 80' lang='lat' dir='ltr'>menbranulis</span> <span class='ocrx_word' id='word_1_156' title='bbox 761 2745 827 2785; x_wconf 87' lang='lat' dir='ltr'>meu</span> <span class='ocrx_word' id='word_1_157' title='bbox 847 2745 942 2784; x_wconf 82' lang='lat' dir='ltr'>rnuuu</span> <span class='ocrx_word' id='word_1_158' title='bbox 961 2726 1085 2805; x_wconf 82' lang='lat' dir='ltr'>scriptis</span> <span class='ocrx_word' id='word_1_159' title='bbox 1101 2727 1196 2786; x_wconf 83' lang='lat' dir='ltr'>couti-</span> 
     </span>
     <span class='ocr_line' id='line_1_20' title="bbox 168 2839 1195 2915; baseline 0.002 -15"><span class='ocrx_word' id='word_1_160' title='bbox 168 2840 333 2913; x_wconf 84' lang='lat' dir='ltr'>uebuutur‚</span> <span class='ocrx_word' id='word_1_161' title='bbox 351 2859 406 2901; x_wconf 89' lang='lat' dir='ltr'>uec</span> <span class='ocrx_word' id='word_1_162' title='bbox 422 2859 458 2901; x_wconf 86' lang='lat' dir='ltr'>eo</span> <span class='ocrx_word' id='word_1_163' title='bbox 473 2841 536 2900; x_wconf 81' lang='lat' dir='ltr'>siut</span> <span class='ocrx_word' id='word_1_164' title='bbox 553 2848 671 2915; x_wconf 77' lang='lat' dir='ltr'>euecta,</span> <span class='ocrx_word' id='word_1_165' title='bbox 690 2859 757 2901; x_wconf 86' lang='lat' dir='ltr'>eum</span> <span class='ocrx_word' id='word_1_166' title='bbox 774 2839 902 2915; x_wconf 82' lang='lat' dir='ltr'>moriar,</span> <span class='ocrx_word' id='word_1_167' title='bbox 921 2839 991 2900; x_wconf 87' lang='lat' dir='ltr'>licet</span> <span class='ocrx_word' id='word_1_168' title='bbox 1011 2841 1043 2900; x_wconf 84' lang='lat' dir='ltr'>iu</span> <span class='ocrx_word' id='word_1_169' title='bbox 1061 2841 1195 2902; x_wconf 80' lang='lat' dir='ltr'>rationes</span> 
     </span>
     <span class='ocr_line' id='line_1_21' title="bbox 173 2954 1196 3030; baseline 0 -15"><span class='ocrx_word' id='word_1_170' title='bbox 173 2975 254 3016; x_wconf 83' lang='lat' dir='ltr'>meus</span> <span class='ocrx_word' id='word_1_171' title='bbox 272 2955 426 3016; x_wconf 76' lang='lat' dir='ltr'>translata</span> <span class='ocrx_word' id='word_1_172' title='bbox 440 2956 516 3030; x_wconf 84' lang='lat' dir='ltr'>siut,</span> <span class='ocrx_word' id='word_1_173' title='bbox 531 2963 559 3016; x_wconf 86' lang='lat' dir='ltr'>et</span> <span class='ocrx_word' id='word_1_174' title='bbox 574 2955 732 3016; x_wconf 79' lang='lat' dir='ltr'>cautiones</span> <span class='ocrx_word' id='word_1_175' title='bbox 747 2954 790 3015; x_wconf 90' lang='lat' dir='ltr'>ad</span> <span class='ocrx_word' id='word_1_176' title='bbox 803 2963 937 3016; x_wconf 86' lang='lat' dir='ltr'>actorem</span> <span class='ocrx_word' id='word_1_177' title='bbox 949 2975 1049 3015; x_wconf 86' lang='lat' dir='ltr'>meum</span> <span class='ocrx_word' id='word_1_178' title='bbox 1065 2963 1196 3015; x_wconf 70' lang='lat' dir='ltr'>trauntu-</span> 
     </span>
     <span class='ocr_line' id='line_1_22' title="bbox 174 3069 1196 3152; baseline 0.001 -21"><span class='ocrx_word' id='word_1_179' title='bbox 174 3069 259 3131; x_wconf 84' lang='lat' dir='ltr'>lerim</span> <span class='ocrx_word' id='word_1_180' title='bbox 275 3073 296 3132; x_wconf 75' lang='lat'>⁴.</span> <span class='ocrx_word' id='word_1_181' title='bbox 316 3095 331 3127; x_wconf 86' lang='lat'>»</span> <span class='ocrx_word' id='word_1_182' title='bbox 348 3106 387 3117; x_wconf 95' lang='lat'>-</span> <span class='ocrx_word' id='word_1_183' title='bbox 404 3096 419 3126; x_wconf 66' lang='grc' dir='ltr'>«ι</span> <span class='ocrx_word' id='word_1_184' title='bbox 437 3069 472 3132; x_wconf 91' lang='lat' dir='ltr'>Si</span> <span class='ocrx_word' id='word_1_185' title='bbox 492 3069 567 3152; x_wconf 90' lang='lat' dir='ltr'>quis</span> <span class='ocrx_word' id='word_1_186' title='bbox 585 3069 671 3132; x_wconf 91' lang='lat' dir='ltr'>Titio</span> <span class='ocrx_word' id='word_1_187' title='bbox 691 3069 907 3145; x_wconf 84' lang='lat' dir='ltr'>mandaverit,</span> <span class='ocrx_word' id='word_1_188' title='bbox 929 3081 964 3132; x_wconf 90' lang='lat' dir='ltr'>ut</span> <span class='ocrx_word' id='word_1_189' title='bbox 984 3071 1022 3132; x_wconf 83' lang='lat' dir='ltr'>ab</span> <span class='ocrx_word' id='word_1_190' title='bbox 1042 3070 1196 3132; x_wconf 83' lang='lat' dir='ltr'>actoribus</span> 
     </span>
    </p>
   </div>
   <div class='ocr_carea' id='block_1_3' title="bbox 168 3185 1196 3268">
    <p class='ocr_par' dir='ltr' id='par_1_4' title="bbox 168 3185 1196 3268">
     <span class='ocr_line' id='line_1_23' title="bbox 168 3185 1196 3268; baseline 0.002 -24"><span class='ocrx_word' id='word_1_191' title='bbox 168 3185 229 3246; x_wconf 80' lang='lat' dir='ltr'>suis</span> <span class='ocrx_word' id='word_1_192' title='bbox 253 3195 392 3246; x_wconf 86' lang='lat' dir='ltr'>mutuom</span> <span class='ocrx_word' id='word_1_193' title='bbox 414 3186 580 3268; x_wconf 81' lang='lat' dir='ltr'>pecuniam</span> <span class='ocrx_word' id='word_1_194' title='bbox 604 3186 757 3268; x_wconf 85' lang='lat' dir='ltr'>acciperet</span> <span class='ocrx_word' id='word_1_195' title='bbox 771 3187 819 3248; x_wconf 80' lang='lat'><strong>⁵...</strong></span> <span class='ocrx_word' id='word_1_196' title='bbox 840 3210 856 3243; x_wconf 82' lang='lat' dir='ltr'>u</span> <span class='ocrx_word' id='word_1_197' title='bbox 878 3222 918 3231; x_wconf 90' lang='lat'><em>-</em></span> <span class='ocrx_word' id='word_1_198' title='bbox 939 3211 953 3241; x_wconf 91' lang='lat'>«</span> <span class='ocrx_word' id='word_1_199' title='bbox 979 3185 1115 3248; x_wconf 87' lang='lat' dir='ltr'>Praediis</span> <span class='ocrx_word' id='word_1_200' title='bbox 1138 3205 1196 3268; x_wconf 91' lang='lat' dir='ltr'>per</span> 
     </span>
    </p>
   </div>
   <div class='ocr_carea' id='block_1_4' title="bbox 167 3300 1195 3616">
    <p class='ocr_par' dir='ltr' id='par_1_5' title="bbox 167 3300 1195 3616">
     <span class='ocr_line' id='line_1_24' title="bbox 167 3300 1194 3383; baseline 0.002 -21"><span class='ocrx_word' id='word_1_201' title='bbox 167 3301 420 3383; x_wconf 73' lang='lat' dir='ltr'>praeceptionem</span> <span class='ocrx_word' id='word_1_202' title='bbox 444 3300 520 3364; x_wconf 85' lang='lat' dir='ltr'>filiae</span> <span class='ocrx_word' id='word_1_203' title='bbox 546 3300 632 3364; x_wconf 87' lang='lat' dir='ltr'>datis</span> <span class='ocrx_word' id='word_1_204' title='bbox 655 3322 723 3362; x_wconf 87' lang='lat' dir='ltr'>cum</span> <span class='ocrx_word' id='word_1_205' title='bbox 747 3301 875 3383; x_wconf 82' lang='lat' dir='ltr'>reliquis</span> <span class='ocrx_word' id='word_1_206' title='bbox 899 3312 1039 3364; x_wconf 85' lang='lat' dir='ltr'>actorum</span> <span class='ocrx_word' id='word_1_207' title='bbox 1061 3314 1089 3363; x_wconf 87' lang='lat' dir='ltr'>et</span> <span class='ocrx_word' id='word_1_208' title='bbox 1113 3302 1194 3364; x_wconf 86' lang='lat' dir='ltr'>coto·</span> 
     </span>
     <span class='ocr_line' id='line_1_25' title="bbox 167 3415 1195 3500; baseline 0.004 -24"><span class='ocrx_word' id='word_1_209' title='bbox 167 3436 288 3493; x_wconf 84' lang='lat' dir='ltr'>uorum,</span> <span class='ocrx_word' id='word_1_210' title='bbox 307 3436 345 3479; x_wconf 82' lang='lat' dir='ltr'>eu</span> <span class='ocrx_word' id='word_1_211' title='bbox 365 3415 492 3499; x_wconf 84' lang='lat' dir='ltr'>relique</span> <span class='ocrx_word' id='word_1_212' title='bbox 513 3416 667 3479; x_wconf 89' lang='lat' dir='ltr'>videntur</span> <span class='ocrx_word' id='word_1_213' title='bbox 687 3417 808 3498; x_wconf 81' lang='lat' dir='ltr'>legata,</span> <span class='ocrx_word' id='word_1_214' title='bbox 826 3437 899 3500; x_wconf 84' lang='lat' dir='ltr'>quae</span> <span class='ocrx_word' id='word_1_215' title='bbox 921 3417 961 3480; x_wconf 93' lang='lat' dir='ltr'>de</span> <span class='ocrx_word' id='word_1_216' title='bbox 982 3417 1088 3480; x_wconf 88' lang='lat' dir='ltr'>reditu</span> <span class='ocrx_word' id='word_1_217' title='bbox 1113 3438 1195 3500; x_wconf 86' lang='lat' dir='ltr'>prae·</span> 
     </span>
     <span class='ocr_line' id='line_1_26' title="bbox 169 3531 1193 3616; baseline 0.003 -23"><span class='ocrx_word' id='word_1_218' title='bbox 169 3531 298 3594; x_wconf 90' lang='lat' dir='ltr'>diorum</span> <span class='ocrx_word' id='word_1_219' title='bbox 313 3531 477 3595; x_wconf 80' lang='lat' dir='ltr'>incudem</span> <span class='ocrx_word' id='word_1_220' title='bbox 493 3553 594 3596; x_wconf 84' lang='lat' dir='ltr'>causa</span> <span class='ocrx_word' id='word_1_221' title='bbox 615 3539 830 3596; x_wconf 83' lang='lat' dir='ltr'>manserunt:</span> <span class='ocrx_word' id='word_1_222' title='bbox 852 3531 999 3616; x_wconf 78' lang='lat' dir='ltr'>alioquin</span> <span class='ocrx_word' id='word_1_223' title='bbox 1019 3534 1193 3616; x_wconf 82' lang='lat' dir='ltr'>pecuniam</span> 
     </span>
    </p>
   </div>
   <div class='ocr_carea' id='block_1_5' title="bbox 0 0 1544 5034">
    <p class='ocr_par' dir='ltr' id='par_1_6' title="bbox 0 0 1544 5034">
     <span class='ocr_line' id='line_1_27' title="bbox 0 0 1544 5034; baseline 0 3"><span class='ocrx_word' id='word_1_224' title='bbox 0 0 1544 5034; x_wconf 95' lang='lat' dir='ltr'> </span> 
     </span>
    </p>
   </div>
  </div>
 </body>
</html>
