3080 5034
526 633 816 690 uduorlnuunrun
837 633 969 688 ROMANI
1232 643 1265 695 51

245 785 388 860 miserat,
403 782 578 866 epistolam
608 779 698 842 misit
725 779 759 841 in
784 779 855 842 haec
875 780 1005 844 verba:
1036 781 1135 845 Titius
1165 787 1270 848 Sticho

246 902 353 963 liberto
368 920 424 961 suo
439 899 583 960 saliatem.
600 896 677 959 Cum
689 897 966 970 temanumiserim,
979 899 1138 980 peculium
1151 899 1272 986 quoque

247 1029 333 1079 tuum
358 1036 454 1090 ornue,
477 1012 632 1096 quidquid
651 1012 754 1088 trudes,
777 1013 892 1072 tamin
921 1015 1106 1090 nominibus,
1127 1038 1216 1098 quum
1239 1020 1272 1079 iu

248 1133 335 1194 rehtu
356 1130 556 1203 innuentibus,
573 1130 635 1190 sive
650 1129 682 1189 tu
703 1137 874 1202 numerato,
891 1130 1010 1189 metiti
1028 1133 1201 1208 concedere,
1216 1134 1273 1195 kur

250 1247 381 1331 epistola
396 1266 489 1306 rnurur
502 1265 569 1306 meu
585 1245 702 1326 scripta
717 1253 823 1304 notum
838 1243 895 1304 uti
905 1245 990 1324 furio
1002 1246 1022 1306 ¹.
1043 1271 1056 1300 »
1074 1283 1113 1292 -
1130 1273 1144 1302 u
1213 1250 1274 1310 Lu.

251 1365 317 1426 cius
334 1363 537 1443 Eutychus...
560 1381 575 1421 e
594 1359 693 1420 medin
710 1358 879 1420 hereditate
891 1362 1016 1437 surnito,
1033 1362 1151 1444 sibique
1167 1365 1274 1426 lrabeto

250 1499 314 1540 unu
330 1498 398 1538 cum
413 1475 590 1560 Pamphilo,
605 1495 693 1557 quem
710 1473 838 1536 liberum
853 1476 1028 1557 essejubeo,
1038 1477 1276 1541 instrumentum

252 1595 385 1656 tabernae
404 1592 559 1672 ferrariae,
580 1591 625 1650 itu
644 1599 679 1650 ut
697 1591 855 1671 nepotium
875 1594 1105 1656 exercuerint.»
1127 1595 1277 1678 Denique

254 1712 395 1773 Severus
412 1714 446 1770 et
464 1706 654 1770 Antoninus
672 1707 910 1789 rescripseram
928 1728 935 1769 :
955 1733 969 1765 α
986 1709 1159 1774 Peculium
1175 1712 1278 1775 videri

251 1827 410 1910 legatum,
431 1843 509 1886 cum
528 1821 714 1885 rationibus
732 1821 868 1884 redditis
886 1822 969 1885 liber
986 1844 1059 1887 essa
1079 1826 1195 1908 jussus
1215 1836 1276 1905 est,

252 1947 338 2003 etex
353 1960 393 2002 eo
405 1939 549 2021 reliquas
566 1938 689 2000 inferre
701 1940 724 1999 ².
739 1963 754 1994 »

293 2055 373 2117 Aliis
394 2061 506 2117 autem
531 2074 570 2116 ex
594 2053 676 2116 locis
698 2059 835 2136 apparet
862 2053 895 2115 id
918 2054 1007 2136 quod
1024 2054 1094 2137 jam
1117 2065 1279 2140 praenota-

253 2171 372 2246 vimus,
389 2169 517 2252 aliquas
533 2188 586 2232 res
605 2168 656 2231 vel
672 2168 842 2250 pecunias,
859 2189 934 2251 quae
956 2169 997 2232 ad
1018 2172 1278 2253 negotiationem

254 2285 450 2370 pertineant,
471 2284 525 2347 cui
545 2283 743 2367 praepositus
767 2290 818 2346 est
839 2305 966 2360 servus,
984 2305 1061 2348 cum
1076 2288 1208 2369 peculio
1228 2290 1278 2352 sin

252 2402 339 2484 jure,
357 2407 390 2464 at
405 2399 521 2463 saltem
535 2400 625 2462 facto
641 2399 821 2482 permixtas
836 2420 920 2464 esse.
939 2400 1053 2480 Servo,
1071 2409 1108 2465 ut
1123 2403 1277 2482 diximuS,

255 2517 355 2580 certis
377 2521 506 2579 tantum
530 2515 647 2578 diebus
671 2515 815 2578 rationes
840 2517 1014 2580 reddendae
1036 2525 1126 2594 sunt,
1148 2520 1280 2583 interim

255 2652 307 2694 res
322 2632 373 2694 vel
387 2631 546 2715 pecunias
561 2651 662 2714 penes
677 2631 835 2706 sehabet,
848 2652 922 2714 quae
935 2653 1001 2694 non
1018 2641 1159 2716 possunt
1174 2637 1279 2718 prima

255 2748 365 2830 specie
402 2767 421 2809 a
462 2746 591 2829 peculio
629 2746 782 2809 discerni.
824 2747 861 2808 ln
894 2748 1046 2828 sequenti
1081 2755 1280 2814 testamento

254 2863 396 2946 legimus
415 2881 545 2944 seryum
565 2861 684 2925 loculis
703 2861 930 2946 praepositum,
948 2862 980 2924 id
1003 2868 1054 2925 est
1070 2863 1160 2926 haud
1178 2865 1279 2928 dubio

254 2978 405 3061 pecuniis
429 2977 632 3054 exercendis
657 2977 709 3040 his
735 2977 844 3040 verbis
874 2977 1117 3040 manumissum
1141 2980 1244 3044 fuisse
1271 3002 1277 3043 :

257 3119 271 3151 ‹<
286 3094 428 3156 Stichum
443 3113 562 3156 servum
577 3114 678 3155 meum
694 3093 823 3155 liberum
840 3114 903 3155 esse
922 3094 1002 3168 uoto,
1020 3096 1107 3178 eique
1126 3096 1194 3158 voto
1209 3098 1281 3158 duri

255 3210 356 3272 decem
381 3229 498 3286 aureos,
522 3219 552 3272 et
570 3209 724 3292 quidquid
748 3211 926 3272 curatione
951 3209 1121 3274 loculorum
1145 3232 1280 3274 meorum

256 3327 345 3389 dubet
379 3344 388 3384 :
422 3327 557 3387 rationes
578 3335 681 3388 autem
710 3325 869 3388 heredibus
897 3326 970 3388 meis
997 3326 1068 3388 dari
1097 3327 1165 3388 colo
1196 3350 1203 3388 ε
1233 3329 1280 3390 lu's

258 3441 407 3518 omuibus,
429 3461 504 3524 quos
524 3441 578 3503 hoc
599 3450 778 3504 testamento
796 3443 972 3514 manumisi,
990 3443 1116 3525 peculia
1135 3463 1192 3504 sua
1213 3465 1279 3507 con·

257 3557 323 3620 cedi
338 3557 406 3618 voto
416 3558 438 3616 ⁴.
457 3581 472 3614 »
491 3556 557 3619 Sed
572 3563 609 3619 ut
621 3577 661 3619 ex
676 3557 791 3620 eodem
805 3556 880 3620 loco
895 3557 1066 3633 discimus,
1082 3578 1196 3622 servus
1210 3560 1280 3643 ipse

285 3819 307 3864 i.
323 3821 365 3883 Ι).,
380 3822 493 3886 XXXIX,
507 3826 531 3885 5,
547 3825 586 3884 35,
600 3835 641 3885 pr.

282 3890 305 3937 2.
321 3892 363 3952 Ι).,
376 3892 467 3954 XXXI,
483 3897 523 3956 88,
537 3896 550 3956 S
563 3897 585 3944 3.

282 3961 305 4008 3.
321 3961 398 4022 Insa,
417 3964 449 4026 ll,
462 3968 502 4024 20,
518 3967 557 4015 20.

282 4032 488 4098 4.D.,xxxl11,
505 4039 528 4099 8,
543 4039 582 4098 2³,
597 4039 611 4099 S
624 4041 646 4086 1.
686 4092 689 4096 ,
