3080 5034
354 597 390 648 to
773 592 956 646 rudunt!

351 741 392 802 ad
425 741 565 822 originis
597 747 631 802 et
664 739 796 822 generis
828 745 860 801 et
890 739 1099 802 educationis
1125 740 1387 804 similitudinem

352 857 485 930 reterre,
511 855 569 918 sed
600 857 708 937 magis
732 854 948 938 quaerendum
983 862 1032 918 est
1055 876 1135 918 num
1159 857 1213 918 bic
1244 863 1278 918 et
1311 857 1386 920 illic
1505 845 1506 848 ¹

350 971 473 1034 eadem
489 993 599 1035 causa
614 971 699 1034 idem
721 971 900 1034 effecerint.
917 972 1013 1049 Quae,
1033 972 1186 1053 quamvis
1204 973 1386 1054 generales

351 1090 429 1162 sint,
454 1088 543 1172 apud
568 1088 652 1150 alios
674 1087 815 1171 populos
843 1089 955 1150 minus
971 1087 1157 1151 efficienter
1181 1095 1324 1171 egerunt
1346 1097 1384 1152 et

351 1205 490 1268 forsitan
501 1205 536 1266 in
551 1205 700 1267 futurum
711 1223 805 1286 aeque
819 1210 945 1266 aeturae
960 1209 1052 1266 sunt.
1151 1201 1153 1204 ’

391 1321 521 1383 Etenim
544 1319 634 1403 apud
659 1320 794 1382 Graecos
820 1319 890 1400 jam
918 1318 1108 1402 philosophi
1132 1321 1378 1402 negotiationes

349 1436 618 1500 contemnebant.
649 1436 745 1497 Cives
773 1434 815 1496 ad
846 1436 991 1497 civitatis
1019 1435 1246 1498 defensionem
1270 1439 1377 1498 omni·

349 1554 449 1614 modo
459 1553 587 1614 institui
602 1551 769 1613 volebant.
782 1551 904 1612 Patria*
919 1551 1075 1634 prodesse
1088 1558 1121 1613 et
1136 1553 1256 1614 servire
1269 1574 1374 1615 unum

349 1669 525 1749 solumque
536 1668 695 1748 ingenuo.
705 1667 772 1728 imo
782 1666 902 1728 illustri
913 1667 1224 1750 hominenegotium
1234 1667 1373 1750 dignum

349 1783 595 1845 existimabant.
614 1782 679 1844 Sed
694 1783 863 1864 quomodo
873 1783 955 1865 ipsis
965 1783 1248 1865 negotiationibus
1258 1785 1373 1866 patriae

350 1898 440 1962 haud
465 1899 566 1961 semel
589 1898 715 1961 utilitas
746 1900 918 1960 allerretur
935 1919 1002 1960 non
1025 1900 1105 1960 satis
1128 1899 1370 1962 intellexerunt.

350 2017 476 2078 Praeter
489 2016 545 2078 illa
566 2016 677 2078 omnia
699 2035 774 2097 quae
791 2015 919 2079 Cicero.
935 2034 1050 2076 eorum
1064 2014 1248 2077 instructus
1267 2015 1371 2092 libris,

349 2133 506 2194 adversus
534 2139 756 2194 mercaturam
786 2131 909 2204 retulit,
942 2151 1023 2192 num
1051 2131 1127 2212 quis
1153 2131 1371 2213 philosophus

348 2248 527 2310 contendat
542 2255 707 2328 quaestum
723 2247 797 2309 ritae
808 2267 974 2308 summum
990 2267 1062 2310 esse
1073 2247 1243 2308 finemtslt
1256 2253 1370 2308 contra

348 2363 489 2443 quisque
504 2361 680 2444 profitetur
698 2362 830 2424 divitias
848 2382 914 2423 non
933 2361 996 2424 sibi
1011 2363 1101 2444 ipsas
1116 2382 1189 2423 esse
1203 2361 1314 2438 finem,
1329 2362 1370 2424 de

347 2497 415 2558 quo
438 2476 503 2538 fine
526 2477 674 2559 alioquin
697 2478 784 2540 inter
804 2499 840 2540 se
869 2484 1008 2541 certant.
1037 2480 1106 2540 Nec
1127 2479 1240 2540 minus
1265 2478 1369 2561 poetis

348 2593 453 2655 inrisa
473 2594 535 2655 luit
559 2621 573 2649 «
600 2595 672 2656 auri
696 2615 790 2656 sacra
817 2595 923 2656 fames
950 2621 978 2657 ».
1004 2594 1236 2677 Negotiatores
1258 2601 1367 2657 autem

349 2709 508 2790 majorem
521 2710 596 2772 ritae
616 2717 743 2793 partem
756 2710 940 2792 quaestibus
954 2711 1070 2772 intenti
1086 2730 1185 2792 agere
1204 2709 1365 2772 ridentur.

389 2825 520 2902 Quibus
549 2826 710 2888 doctrinis
741 2826 928 2888 Christiana
961 2826 1076 2908 religio
1104 2825 1263 2906 majorem
1293 2825 1369 2898 rim,

349 2941 588 3024 clarioremque
602 2962 737 3005 sensum
757 2941 894 3018 addidit,
918 2963 994 3004 cum
1015 2942 1151 3004 alteram
1173 2943 1275 3003 vitam
1294 2941 1371 3003 buic

348 3057 423 3118 vitae
438 3077 551 3119 verum
567 3057 681 3119 docuit
695 3078 768 3119 esse
788 3057 905 3133 finem;
924 3078 1116 3140 quanquam
1136 3056 1236 3119 simul
1251 3056 1371 3119 laboris

348 3176 380 3233 et
395 3171 591 3254 dignitatem
606 3178 638 3234 et
661 3172 836 3235 utilitatem
857 3172 1013 3235 omnibus
1035 3172 1194 3247 ostendit;
1212 3178 1256 3246 et,
1273 3172 1371 3234 servi-

347 3293 418 3349 tute
440 3287 599 3370 paulatim
618 3287 804 3363 recedente,
827 3309 869 3350 ne
892 3289 925 3350 id
950 3288 1085 3370 quidem
1105 3289 1236 3351 causari
1258 3293 1371 3370 potue

347 3408 425 3463 runt
439 3395 590 3465 homines
609 3411 656 3479 ut,
679 3410 836 3486 tanquam
857 3404 985 3478 servile,
1007 3404 1097 3486 quod
1117 3403 1266 3466 divinum
1285 3408 1372 3465 esset

348 3524 607 3580 contemnerent.

388 3632 559 3694 Remansit
574 3640 685 3696 tamen
700 3640 732 3696 et
747 3634 932 3697 remanebit
946 3635 1231 3717 negotiationibus
1245 3633 1371 3716 aliquid

347 3746 435 3827 quod
454 3748 565 3809 minus
584 3750 709 3824 sareat;
726 3771 766 3812 ex
786 3770 825 3812 eo
845 3750 918 3832 ipso
942 3751 1032 3832 quod
1047 3751 1141 3814 labor
1160 3751 1264 3833 pluris
1287 3749 1371 3812 aesti·

346 3861 428 3922 mari
453 3869 583 3946 coeptus
607 3871 668 3939 est,
692 3866 948 3948 negotiationes
969 3888 1043 3949 quae
1070 3868 1193 3930 nonin
1219 3865 1370 3928 creandis

346 3975 469 4040 divitiis
490 3979 548 4040 sed
568 3981 675 4062 magis
696 3981 729 4042 in
754 3983 919 4064 emptione
935 3990 968 4045 et
986 3983 1175 4046 venditione
1191 3983 1261 4065 jam
1281 4003 1370 4046 crea·
