3080 5034
507 627 797 682 NEGOTIARENTUR
819 627 951 681 ΗΟΜΑΝΙ
1195 624 1234 679 85

207 797 230 828 a
253 771 343 835 salvo
358 771 434 854 jure
454 771 583 854 patroni
604 797 618 828 l
645 771 827 835 concedere
851 772 989 835 solebat.
1007 770 1147 844 Etenim,
1161 769 1236 850 jure

206 887 390 961 Quiritium
423 906 595 963 concesso,
622 886 761 950 libertus
797 887 879 950 civis
914 889 1082 950 Romanus
1123 884 1234 962 fiebat,

214 1009 443 1085 patronusque
459 1022 525 1065 non
537 1001 607 1084 jam
622 1003 733 1066 omnia
748 1002 870 1066 mortui
884 1002 993 1065 liberti
1003 1002 1100 1078 bona,
1116 999 1237 1084 peculii

215 1117 359 1193 nomine,
373 1117 568 1200 accepisset,
583 1116 652 1192 sed,
666 1118 694 1179 si
708 1117 826 1181 liberto
836 1117 929 1180 liberi
940 1123 1061 1191 essent,
1073 1115 1236 1179 bonorum

216 1239 354 1314 partem,
373 1252 432 1315 pro
454 1231 634 1298 liberorum
658 1253 808 1310 numero,
824 1233 1003 1310 dimidiam,
1027 1231 1157 1295 tertiam
1179 1231 1237 1293 aut

214 1349 351 1411 nullam.
367 1347 415 1423 Si,
434 1349 567 1412 «invito
585 1349 636 1411 vel
655 1349 829 1432 ignorante
849 1354 987 1432 patrono
1008 1374 1036 1425 »,
1050 1348 1106 1430 jus
1123 1347 1238 1426 'Quiri

215 1464 297 1526 tium
334 1469 535 1527 consecutus
566 1471 616 1526 est
647 1464 796 1541 libertus,
825 1464 879 1526 ille
901 1464 1038 1528 libertus
1067 1463 1125 1545 qui
1156 1462 1236 1525 civis

215 1580 386 1643 Romanus
401 1585 452 1642 est
467 1581 545 1643 dum
558 1580 639 1642 vivit
659 1606 674 1638 «
695 1586 855 1662 tanquam
875 1580 1012 1644 Latinus
1031 1579 1188 1642 moritur¹
1207 1603 1235 1643 »t

254 1695 388 1758 Liberto
408 1701 519 1758 autem
539 1695 602 1758 civi
623 1697 773 1758 Romano
783 1699 842 1777 ,jus
861 1716 1026 1758 aureorum
1050 1695 1237 1756 annulorum

214 1831 412 1874 concessum
436 1817 579 1894 patrone,
608 1811 753 1874 debitam
780 1817 906 1893 partem
935 1831 1002 1873 non
1030 1816 1148 1874 mutat.
1179 1810 1236 1872 llle

213 1927 350 1990 libertus
366 1925 450 1991 dum
469 1927 548 1989 vivit
571 1952 586 1984 α
613 1932 650 1988 ut
669 1927 835 2008 ingenuus
856 1925 998 1988 habetur
1020 1951 1048 2000 u,
1065 1926 1121 1988 sed
1146 1925 1235 2007 quod

211 2044 253 2106 ad
268 2043 342 2125 ejus
356 2043 443 2106 bona
458 2043 576 2106 attinet
591 2042 729 2105 libertus
743 2043 883 2106 moritur
893 2044 915 2104 ¹.

251 2159 416 2221 Nacoliam
432 2158 566 2241 quidem
580 2159 734 2220 restitutio
750 2157 908 2240 majorem
925 2158 1024 2221 habet
1039 2159 1116 2235 vim,
1131 2177 1235 2240 eaque

211 2282 371 2358 patronus
398 2295 417 2338 a
442 2274 550 2336 liberti
574 2275 785 2338 successione
812 2274 1009 2353 excluditur,
1035 2274 1093 2338 sed
1123 2301 1138 2331 «
1167 2292 1234 2338 non

212 2391 309 2452 facile
322 2415 337 2447 »
355 2389 560 2465 conceditur,
579 2415 594 2446 «
612 2391 675 2454 nisi
690 2391 916 2454 consentiente
931 2395 1090 2475 patrono³
1107 2418 1134 2452 ».

251 2505 419 2568 Natalium
435 2505 600 2568 restitutio
616 2507 708 2568 favor
724 2506 882 2590 principis
902 2513 973 2570 erat
995 2528 1061 2590 quo
1084 2513 1120 2570 ut
1141 2507 1235 2590 inge-

210 2641 298 2684 nuus
318 2620 502 2684 habebatur
523 2621 552 2684 is
574 2621 631 2702 qui
655 2632 770 2684 servus
794 2629 893 2684 natus
917 2629 997 2684 erat.
1022 2623 1097 2700 Qui
1111 2629 1232 2698 autem,

210 2737 378 2820 ingenuus
393 2757 470 2799 cum
491 2743 590 2798 natus
609 2742 707 2811 esset,
728 2737 763 2798 iu
780 2737 937 2799 servitute
960 2737 1035 2799 dein
1056 2737 1090 2798 in
1111 2737 1234 2800 liberti-

210 2853 314 2915 nitate
328 2853 448 2927 luerat,
465 2872 500 2915 se
515 2853 549 2914 in
561 2852 800 2934 ingenuitatem
818 2852 986 2915 vindicare
1007 2858 1135 2936 poterat
1154 2853 1230 2915 libe·

210 2969 286 3030 ratis
302 2989 402 3030 causae
422 2967 563 3030 actione.
582 2967 917 3031 Senatusconsultum
936 2969 1061 3032 sactum
1081 2974 1150 3030 erat
1165 2989 1231 3050 quo

210 3079 390 3142 cavebatur
403 3078 444 3142 de
459 3078 556 3142 bonis
576 3099 691 3142 eorum
713 3080 770 3162 qui
793 3079 827 3141 in
846 3080 909 3142 hoc
923 3079 1051 3162 judicio
1073 3080 1231 3154 vicerant,

210 3195 317 3277 utqui
333 3200 408 3277 post
421 3195 714 3258 manumissionem
729 3195 891 3278 originem
910 3215 1004 3258 suain
1024 3194 1231 3278 repetierant,

210 3329 325 3373 secum
345 3310 471 3372 ferrent
493 3335 508 3368 ι(
528 3309 618 3392 quod
640 3311 673 3372 in
691 3310 789 3374 domo
809 3311 972 3394 cujusque
989 3309 1228 3384 intulissent...

121 3445 124 3450 ·
210 3425 299 3508 quod
328 3431 404 3507 post
427 3425 720 3488 manumissionem
744 3447 878 3509 quoque
899 3426 1143 3509 adquisiissent,
1164 3445 1231 3487 non

210 3561 249 3602 ex
273 3559 308 3602 re
336 3540 605 3615 manumissoris;
627 3547 736 3604 cetera
762 3541 848 3604 bona
870 3541 1091 3624 relinquerent
1113 3541 1172 3617 illi,
1191 3561 1231 3604 ex

242 3731 263 3776 l.
282 3727 373 3788 Gaiae,
390 3727 433 3785 lll,
460 3729 497 3777 72.
513 3755 544 3763 —
566 3729 659 3790 ltaque
679 3743 742 3778 curn
758 3729 863 3778 Plinius
877 3729 972 3791 junior
988 3743 1037 3792 pro
1057 3730 1164 3780 libertis
1183 3731 1229 3793 jus

209 3798 357 3858 Qniritium
371 3799 450 3860 petit,
462 3811 578 3861 semper,
590 3821 600 3839 ι
617 3801 772 3850 volentibus
793 3823 803 3842 ι
820 3801 862 3850 vel
876 3801 1055 3864 «petentibus
1071 3801 1228 3864 patronis»,

210 3868 261 3918 hoc
275 3869 353 3932 petit.
366 3869 477 3933 (Epist,
494 3870 602 3930 X,let
617 3873 651 3931 6.)
814 3873 829 3881 ”
929 3878 933 3884 ’

242 3944 266 3990 a.
284 3940 392 4002 n.,xn,
415 3943 450 4000 10,
468 3943 556 3990 sete.

243 4013 265 4060 3.
284 4010 325 4069 D.,
341 4010 394 4070 XL,
411 4013 488 4072 11,2.
504 4011 542 4060 Cl.
559 4011 786 4076 etiamletopr.
815 4071 817 4074 ,
849 4035 850 4043 ¹
