3080 5034
279 635 315 690 72
590 633 744 698 QUOMODO
767 633 833 688 ent
855 633 984 688 SERVOS

280 781 386 860 taeta
391 780 616 865 persecutionis
633 779 784 842 libertatis
799 801 892 842 caasa
907 782 1146 864 impositorum:
1162 783 1303 846 animad-

280 897 371 958 uertit
386 898 468 957 enirn
482 895 634 958 libertatis
649 915 741 956 eausa
749 896 965 978 impositorum
974 897 1206 979 praestationem
1215 898 1302 960 altra

280 1011 455 1090 marevisse,
471 1023 505 1073 at
510 1022 662 1095 premeret
673 1022 765 1094 atque
776 1012 916 1074 oneraret
929 1013 1087 1074 libertinas
1094 1033 1243 1096 personas
1252 1017 1273 1078 ¹.
1286 1039 1300 1072 s

281 1127 345 1192 Sed
366 1129 492 1192 Praetor
513 1127 660 1214 quidam,
677 1128 714 1190 ut
737 1127 869 1191 easdem
894 1135 1078 1192 coarctaret
1099 1131 1300 1209 exactione5‚

278 1243 330 1307 via
343 1265 424 1308 usus
439 1250 490 1308 est
504 1263 545 1307 ex
558 1263 624 1326 qua
634 1245 720 1306 sorte
736 1243 833 1307 nobis
845 1244 999 1328 colligere
1014 1245 1091 1308 licet
1103 1251 1136 1308 et
1150 1229 1302 1310 naturam

280 1365 312 1432 et
325 1363 460 1422 causam
469 1359 617 1442 ipsarum
631 1359 840 1422 exactionum
854 1381 861 1422 :
877 1386 891 1418 ι(
903 1361 1029 1422 Praetor
1040 1362 1176 1424 Rutilias
1191 1363 1300 1438 edicit,

279 1496 310 1537 se
324 1476 459 1558 amplias
474 1496 534 1537 aon
551 1476 696 1537 datarum
705 1478 854 1558 patrono,
872 1497 964 1558 qaum
980 1497 1143 1560 operarum
1162 1489 1191 1538 et
1210 1480 1303 1540 socie-

279 1593 351 1654 tatis
366 1593 515 1653 actionem
534 1613 541 1654 :
558 1591 713 1664 videlicet,
729 1592 756 1652 si
772 1592 827 1654 boe
840 1593 1022 1675 pepipisset,
1040 1604 1074 1654 ut
1093 1595 1155 1654 nisi
1175 1595 1201 1655 ei
1221 1595 1304 1670 obse·¹

279 1709 386 1789 quium
403 1717 566 1789 prostaret
595 1707 731 1783 libertas,
754 1707 984 1770 insacietatem
1008 1708 1224 1770 admitteretur
1242 1729 1303 1792 pa-

282 1823 421 1886 lrotttt8³.
439 1848 453 1880 u

290 1958 297 1996 1
321 1939 482 2017 Quaenam
510 1944 597 2002 essct
627 1937 682 2000 ill'a
708 1937 851 2000 societas
879 1937 1151 2020 quaesocietatis
1180 1940 1302 2002 actioni

280 2055 399 2118 nomen
412 2073 616 2136 causamque
629 2053 807 2136 praebebat,
824 2073 863 2116 cx
883 2054 1015 2137 scriptis
1030 2053 1223 2118 difficillime
1238 2055 1302 2118 dis·

282 2191 383 2234 ceres.
403 2169 466 2232 Sed
489 2190 529 2232 ex
542 2170 611 2252 jam
632 2169 789 2252 expositis
808 2169 958 2232 rebus'id
980 2170 1099 2232 inferre
1122 2191 1302 2254 possumus

280 2287 365 2349 hanc
386 2306 453 2349 non
477 2285 575 2348 aliam
600 2305 672 2347 esse
696 2291 795 2367 atque
819 2284 909 2348 illam
929 2285 1121 2349 societatem
1140 2307 1207 2350 non
1227 2287 1302 2370 jure

282 2401 416 2484 quidem
436 2407 597 2475 sanctam,
613 2421 647 2463 rc
662 2406 695 2463 el
715 2401 803 2463 sacto
819 2422 894 2464 vero
915 2408 948 2464 et
966 2404 1172 2466 oeconomica
1189 2424 1303 2466 neces-

282 2516 390 2591 sitate,
414 2536 489 2598 quae
508 2515 638 2598 legibus
666 2515 827 2578 valentior
855 2524 954 2594 esset,
979 2519 1191 2581 exsistentem
1219 2520 1303 2582 inter

283 2630 455 2693 'dominum
490 2649 699 2712 servumque.
727 2631 822 2708 Quae,
852 2630 992 2693 durante
1021 2632 1189 2709 servitute,
1212 2632 1302 2697 nullo

281 2745 380 2812 modo
395 2745 436 2808 ad
448 2746 505 2828 jus
517 2746 645 2820 attinet,
659 2765 714 2808 ces
727 2751 917 2820 santevero,
931 2747 1028 2809 certis
1036 2746 1105 2829 jam
1120 2747 1153 2809 in
1169 2748 1301 2812 casibus

282 2862 465 2938 invocatur,
483 2866 614 2926 mortuo
629 2860 747 2924 liberto
763 2881 824 2924 suo
842 2862 1036 2944 agnoscitur
1053 2863 1186 2927 effectu.
1204 2865 1302 2942 Quod

282 2978 316 3046 in
336 2976 562 3060 sequentibus,
579 2983 616 3040 ut
631 2997 813 3060 speramuS,
829 2977 1088 3041 confirmabitur.

285 3131 287 3135 ,
322 3095 404 3172 Quae
421 3092 589 3156 societatis
604 3093 690 3156 actio
705 3113 772 3155 non
782 3099 892 3175 potest
902 3113 980 3156 sane
991 3093 1129 3178 intelligi
1140 3096 1302 3178 planeque

281 3208 410 3273 definiri
424 3209 487 3272 nisi
506 3209 562 3271 illa
581 3229 654 3290 quae
669 3209 702 3270 in
716 3207 788 3290 ejus
808 3208 921 3272 locum'
934 3229 1011 3272 mox
1024 3212 1188 3274 'successit
1203 3213 1301 3276 etiam

281 3331 359 3405 uota
393 3331 444 3388 est
470 3323 647 3387 institutio.
677 3324 806 3386 Etenim
835 3325 869 3386 in
900 3323 1015 3388 codem
1053 3327 1239 3410 fragmento
1268 3327 1302 3391 id

282 3441 453 3524 legimus:
479 3464 495 3497 a
522 3441 713 3502 Posteriores
736 3441 888 3502 Praetores
913 3451 1002 3502 certae
1020 3443 1124 3524 partis
1153 3443 1303 3506 bonoram

278 3558 500 3639 possessionem
512 3555 754 3638 pollicebantur.
779 3557 924 3620 Videlicet
940 3559 1020 3618 enirn
1033 3559 1135 3641 intapo
1148 3561 1302 3622 societatis

282 3672 409 3734 inducit
442 3671 577 3756 ejusdem
606 3672 709 3754 partis
737 3673 970 3754 praestationem
1003 3695 1009 3734 :
1042 3685 1077 3736 ut
1104 3675 1187 3757 qaod
1216 3678 1303 3739 viras

314 3971 337 4018 r.
354 3969 396 4029 n,
410 3963 548 4028 xxxvur,
569 3972 591 4032 t,
607 3973 630 4030 2,
646 3983 686 4032 pr.

312 4043 336 4090 e.
351 4039 542 4102 n.‚xxxv111,
557 4041 618 4103 2,1,
633 4041 646 4102 s
662 4042 685 4088 t.
