3080 5034
335 638 371 691 92
757 636 944 691 CONGLUSIO

374 781 565 844 Notandum
586 788 636 845 est
655 787 765 845 tamen
785 802 852 844 non
866 782 899 844 id
915 781 1017 844 moris
1031 781 1135 844 fuisse
1148 780 1305 843 Romanis
1320 785 1357 842 ut

332 918 449 960 omnes
474 917 587 960 servos
608 897 664 980 qui
686 897 720 960 in
742 897 1024 981 negotiationibus
1046 896 1288 959 adhibebantur
1310 895 1356 957 ita

334 1019 634 1088 remunerarentur,
657 1013 714 1076 sed
734 1033 791 1076 eos
812 1013 901 1076 solos
926 1013 983 1096 qui
1004 1007 1155 1096 gerendae
1177 1012 1222 1075 rei
1242 1032 1355 1075 curam

332 1129 472 1192 dabant.
503 1129 607 1192 Aliter
639 1129 726 1192 enim
761 1125 830 1191 fieri
864 1134 954 1192 vetat
986 1128 1058 1211 ipsa
1090 1127 1354 1212 negotiationum

333 1250 463 1320 natura,
494 1265 571 1307 cum
599 1264 666 1307 non
693 1244 851 1328 possibile
877 1245 920 1306 sit
948 1243 1183 1327 negotiationis
1211 1243 1356 1305 rationes

331 1359 574 1436 omnibusedi,
595 1365 628 1421 et
652 1379 729 1421 cum
749 1359 820 1421 sine
840 1379 879 1421 ea
901 1354 1045 1422 editione
1063 1357 1154 1421 nulla
1174 1358 1207 1420 in
1225 1364 1355 1440 quaestu

329 1475 542 1559 participatio
562 1494 638 1536 vera
659 1493 732 1536 esse
748 1475 869 1557 possit,
887 1474 944 1537 sed
961 1473 1190 1538 tantummodo
1205 1473 1299 1537 loeus
1314 1473 1355 1535 sit

332 1591 527 1654 muneribus
551 1610 617 1653 non
638 1589 758 1652 debitis
777 1589 923 1672 quidem,
946 1589 1004 1653 sed
1025 1589 1254 1654 benevolentia
1276 1609 1354 1652 con-

332 1707 448 1786 cessis,
468 1703 561 1768 valde
580 1711 692 1768 tamen
716 1706 945 1789 praedicandis.
968 1707 1034 1784 Qui
1055 1711 1166 1769 autem
1190 1705 1355 1769 rationum

330 1823 400 1905 jam
420 1827 498 1884 sunt
517 1827 688 1904 compotes
707 1821 929 1905 scientesque,
950 1822 1021 1885 sine
1042 1821 1188 1906 periculo
1206 1827 1355 1904 quaestus

334 1938 510 2022 participes
520 1937 590 2001 fieri
601 1944 753 2021 possunt.
765 1936 963 2001 Addendum
974 1944 1024 2001 est
1034 1934 1147 2001 eorum
1158 1938 1354 2000 industriam

334 2055 459 2137 quaein
479 2054 614 2137 ingenio
633 2061 666 2117 et
687 2059 797 2116 mente
817 2053 1017 2128 continetur,
1028 2049 1068 2116 'et
1087 2074 1152 2136 qua
1172 2059 1242 2116 tota
1256 2073 1355 2136 nego—

333 2170 427 2233 tiatio
440 2170 542 2252 viget,
558 2169 666 2252 magis
680 2165 913 2231 stimulandam
929 2189 1114 2251 essequam
1131 2169 1354 2253 operariorum

333 2286 479 2350 laborem
494 2285 551 2367 qui
567 2285 715 2367 corporis
730 2285 815 2347 vires
829 2285 1047 2367 negotiationi
1062 2285 1221 2368 praebent.

332 2419 334 2426 ⁴
374 2401 446 2464 Sive
467 2401 600 2462 institor
618 2405 697 2476 erat,
720 2400 788 2462 sive
805 2400 936 2484 peculio
956 2400 1130 2484 negotians
1149 2421 1274 2478 servus,
1292 2400 1354 2463 sub

333 2537 372 2580 eo
392 2516 489 2578 multi
509 2521 602 2577 erant
622 2514 677 2577 alii
695 2515 779 2578 servi
799 2515 857 2599 qui
879 2515 994 2579 vicarii
1017 2513 1214 2580 dicebantur
1230 2517 1355 2599 quique

331 2632 564 2695 humilioribus
578 2631 806 2715 fungebantur
820 2631 950 2710 olliciis,
967 2650 1028 2696 nec
1042 2653 1109 2696 non
1125 2638 1158 2696 et
1172 2633 1265 2695 liberi
1280 2652 1356 2716 ope

333 2747 419 2810 rarii.
438 2749 522 2830 lpsis
541 2747 675 2829 quidem
692 2747 824 2810 vicariis
844 2748 1011 2831 peculium
1033 2745 1106 2811 esse
1123 2753 1253 2831 poterat
1270 2754 1303 2810 et
1320 2748 1354 2810 in

332 2884 372 2926 eo
388 2881 626 2946 nonnunquam
646 2863 700 2926 alii
715 2863 842 2938 vicarii3
860 2863 907 2927 sic
926 2863 1076 2947 quaestus
1095 2863 1239 2946 quodam
1255 2863 1353 2926 modo

333 2980 507 3062 participes
524 2979 593 3042 fieri
614 2984 780 3062 poterant;
798 2979 854 3041 sed
878 2979 1026 3061 ipsorum
1047 2979 1183 3042 libertas
1201 3000 1241 3042 ex
1257 2979 1355 3042 liber*

332 3093 400 3156 tate
412 3093 565 3177 primum,
583 3092 701 3156 deinde
721 3114 761 3156 ex
779 3093 949 3157 voluntate
969 3095 1041 3175 ejus
1058 3095 1092 3158 in
1111 3095 1207 3177 cujus
1224 3095 1354 3179 peculio

333 3215 426 3272 erant
440 3209 615 3293 pendebat,
633 3207 722 3272 unde
741 3229 842 3291 quam
860 3209 986 3272 incerta
1004 3215 1091 3273 esset
1111 3210 1192 3273 satis
1206 3216 1352 3293 apparet.

331 3325 424 3389 Adde
452 3326 542 3408 quod
568 3325 658 3388 nulla
687 3324 801 3389 durior
829 3331 880 3388 est
908 3325 1171 3409 servitus'quam
1195 3327 1268 3410 ejus
1294 3326 1352 3410 qui

332 3441 451 3524 aequali
466 3447 591 3524 pareat.
941 3448 944 3454 ’
1299 3441 1302 3446 ’

346 3580 348 3586 ’
373 3555 428 3619 Sic
453 3556 538 3619 inter
561 3557 653 3646 ipsos
681 3575 795 3618 servos
820 3556 854 3618 in
879 3557 1162 3640 negotiationibus
1186 3558 1353 3621 adhibitos

332 3670 428 3733 multi
449 3677 542 3733 erant
563 3671 710 3753 variique
730 3669 866 3754 gradus,
887 3675 994 3756 neque
1022 3673 1064 3736 ab
1091 3673 1140 3736 eis
1162 3673 1203 3736 de
1224 3674 1354 3756 quibus

332 3785 435 3849 locuti
448 3805 575 3862 sumne,
587 3786 645 3869 qui
660 3787 942 3869 negotiationibus
956 3796 1128 3871 praeerant,
1140 3790 1255 3852 omnes
1267 3788 1355 3872 judi÷

332 3901 429 3964 candi
451 3906 540 3963 sunt.
558 3901 628 3964 lmo
647 3901 754 3985 magis
775 3902 810 3964 in
828 3902 901 3985 ipsa
920 3903 1079 3966 servitute
1097 3903 1193 3966 multi
1208 3903 1355 3986 variique

333 4022 425 4079 erant
444 4016 578 4100 gradus,
594 4035 657 4082 nec
676 4036 696 4082 a
712 4016 900 4082 conditione
920 4037 1089 4082 servorum
1104 4018 1140 4081 in
1159 4036 1227 4082 uno
1242 4016 1353 4080 officio
