3080 5034
492 1445 495 1450 ⁸
568 1500 793 1578 earurv

308 1847 360 1902 De
374 1847 477 1916 parte
491 1848 645 1918 patrono
660 1847 781 1905 dehita
798 1848 837 1904 in
854 1848 1066 1906 libertorum

559 1961 811 2023 successione.

213 2279 336 2342 Rerum
351 2280 602 2364 igiturnaturali
618 2302 718 2346 cursu
731 2289 764 2346 et
776 2282 919 2366 juridica
934 2283 1198 2366 quadamneees-

173 2393 271 2458 sitate
297 2395 442 2474 deducti,
469 2397 511 2460 ad
532 2397 642 2462 liberti
664 2404 805 2462 mortem
829 2400 990 2475 venimus,
1020 2399 1054 2462 id
1084 2399 1198 2463 estad

172 2509 425 2576 dissolutionem
460 2513 561 2596 hujus
599 2515 767 2577 societatis
805 2515 891 2579 inter
929 2516 1100 2580 dominum
1135 2536 1200 2580 ser-

173 2647 317 2711 vumque
346 2629 446 2692 tacite
476 2629 678 2710 constitutae,
701 2649 778 2692 cum
801 2631 885 2694 aiter
908 2631 1094 2714 pecuniam,
1118 2631 1200 2694 alter

172 2760 304 2824 operam
317 2743 494 2827 praeberet,
505 2765 579 2827 quae
591 2744 745 2821 societaS,
758 2743 898 2808 durante
911 2746 1078 2821 servitute,
1088 2745 1130 2808 ad
1141 2745 1198 2827 jus
1245 2794 1246 2798 ,

172 2857 253 2920 nihil
267 2859 463 2942 pertinebat,
485 2867 638 2924 cessante
658 2861 827 2937 servitute,
840 2861 916 2944 jure
933 2859 1195 2943 improbabatur,

172 2981 303 3036 mortuo
324 2974 466 3058 denique
486 2975 602 3039 liberto
622 2976 668 3039 ita
687 2975 918 3038 tantummodo
938 2975 1068 3040 volebat
1087 2981 1125 3038 ut
1143 2975 1198 3038 alii

171 3087 373 3152 institutioni
388 3090 501 3154 locum
512 3090 606 3154 daret
621 3112 695 3173 quae
711 3091 783 3173 ejus
797 3091 976 3174 imaginem
992 3091 1156 3154 retineret.

213 3207 297 3270 Cum
318 3207 389 3270 haec
413 3207 570 3283 societas,
591 3207 670 3270 dum
690 3207 833 3291 vigebat,
848 3205 890 3270 ad
907 3205 964 3289 jus
987 3206 1078 3268 nullo
1099 3205 1199 3269 modo

171 3322 360 3406 pertineret,
382 3323 479 3386 nobis
498 3323 593 3386 licuit
612 3324 642 3386 ei
662 3329 699 3386 ut
716 3323 929 3386 oeoonomieae
949 3322 1094 3385 historiae
1113 3323 1197 3404 parti

172 3438 321 3514 studere;
351 3460 439 3515 eum,
466 3439 546 3502 dum
571 3439 787 3522 extinguitur,
807 3439 893 3522 juris
917 3439 1056 3502 sormam
1077 3438 1195 3510 induit,

171 3552 211 3616 de
224 3574 262 3617 ea
277 3553 422 3619 breviter
436 3555 637 3618 disseremus
653 3553 885 3620 tantummodo
899 3552 1109 3637 quantumad
1123 3574 1197 3638 pro-

171 3670 317 3751 positum
335 3677 487 3734 nostrum
507 3671 631 3734 directe
647 3673 775 3746 attinet,
791 3691 833 3735 ne
852 3671 887 3734 in
903 3671 989 3754 juris
1004 3670 1198 3754 disputatio-

171 3785 271 3849 nibus
286 3787 408 3850 morari
425 3787 606 3850 videamur.

213 3902 424 3966 Libertorum
446 3904 534 3966 enim
559 3903 728 3966 successio
746 3903 832 3966 inter
854 3902 963 3965 varias
981 3903 1066 3984 juris
1088 3909 1197 3984 partes

172 4025 270 4080 eaesi
285 4039 360 4101 quae
375 4019 410 4081 in
425 4017 627 4081 difficillimis
642 4019 757 4082 merito
773 4024 964 4082 numeretur
980 4037 986 4079 :
1004 4043 1019 4074 «
1030 4019 1087 4081 lus
1102 4037 1198 4098 usque
