3080 5034
544 1637 838 1711 PROOEMIUM

335 1949 559 2018 Quantopere
579 1948 853 2017 negotiarentur
873 1949 1039 2020 Romani,

316 2055 400 2124 quid
432 2058 476 2112 de
509 2055 820 2128 negotiationibus
851 2055 1055 2112 sentirent?

216 2286 336 2348 Nostra
352 2292 432 2348 aetas
449 2307 523 2368 quae
536 2287 710 2369 praesentia
731 2287 910 2368 suturaque
933 2285 1034 2348 etiam
1052 2266 1204 2368 tempora

174 2407 346 2484 tantopere
367 2408 471 2476 curat,
493 2403 647 2484 praeteriti
670 2401 830 2485 temporis
848 2423 914 2464 non
936 2401 1048 2463 minus
1070 2401 1204 2462 curiosa

175 2523 240 2593 est;
258 2523 357 2599 atque
376 2517 417 2579 ad
438 2537 476 2579 ea
496 2519 605 2582 studia
620 2539 687 2580 non
702 2539 741 2580 eo
761 2524 891 2581 tantum
910 2517 999 2600 quod
1019 2517 1080 2579 sibi
1097 2516 1205 2579 simile

176 2651 247 2693 esse
262 2631 363 2703 novit,
381 2632 437 2693 sed
454 2632 597 2714 eoquod
613 2633 725 2694 differt
737 2631 920 2715 saepissime
931 2633 1121 2695 attrahitur.

218 2745 447 2809 OEconomicae
459 2750 491 2808 in
506 2747 619 2829 primis
632 2768 705 2828 quae
721 2747 878 2809 dicuntur
893 2747 1204 2829 quaestioneshodie

178 2861 346 2944 agitantur
361 2865 391 2923 et
403 2861 443 2924 dc
453 2863 500 2924 eis
511 2855 626 2945 quales
641 2861 776 2944 quidem
792 2862 881 2945 apud
897 2863 1068 2924 Romanos
1080 2862 1203 2923 suerint

179 2997 243 3039 non
258 2978 356 3059 pauci
370 2977 439 3059 jam
458 2978 492 3040 in
516 2979 580 3042 hoc
601 2977 724 3041 sacculo
747 2977 985 3040 disseruerunt.
1006 2976 1071 3038 Sed
1092 2977 1204 3059 inopia

180 3092 320 3174 quadam
349 3094 538 3157 chartarum
567 3094 909 3177 inscriptionumque¹
936 3098 969 3156 et
997 3093 1069 3175 ipso
1101 3093 1203 3176 scrip-

211 3330 232 3375 l.
248 3326 276 3376 ln
297 3327 523 3390 inscriptionibus
543 3329 653 3391 quidem
671 3327 886 3392 «negotiatores,
904 3328 1084 3390 negotiantes,
1103 3337 1205 3374 merca·

182 3402 259 3457 tores,
278 3399 463 3449 navicularii»
482 3401 670 3461 inveniuntur,
682 3411 824 3462 genusque
842 3399 1036 3462 negotiationis
1055 3420 1065 3437 ι
1081 3397 1203 3446 frumen·

182 3469 274 3530 terina,
289 3471 415 3532 olearius‚
427 3471 559 3532 vinarius,
573 3471 715 3531 coriarius,
730 3469 908 3530 vascularius,
922 3470 1066 3520 eborarius
1081 3491 1090 3509 υ
1106 3467 1204 3528 legitur

182 3538 380 3602 (c.1.t.‚vl,
403 3545 457 3603 an,
480 3546 547 3604 loca,
569 3546 638 3603 nol,
660 3545 730 3603 leae,
757 3545 826 3602 nlo,
850 3545 919 3603 1935,
942 3543 1013 3602 eaor,
1039 3543 1110 3601 ectr,
1132 3540 1204 3597 essa,

182 3611 273 3673 tilii),
288 3611 334 3660 sed
354 3613 388 3662 de
406 3614 596 3676 negotiationis
612 3613 799 3676 magnitudine
817 3618 844 3663 et
859 3614 963 3663 ratione
979 3613 1048 3661 nihil
1070 3612 1203 3668 retertur3

183 3695 307 3731 numerus
329 3683 387 3744 ipse
405 3685 604 3745 negotiantium
626 3699 680 3734 non
700 3685 764 3735 inde
782 3686 946 3747 quarendus
964 3687 1007 3734 est
1028 3697 1090 3732 cum
1114 3693 1203 3741 neque

182 3765 271 3802 omnes
295 3753 488 3816 inscriptiones
511 3757 545 3805 ad
568 3770 617 3806 nos
639 3757 773 3816 venerint,
797 3769 885 3818 neque
909 3769 1004 3806 omnes
1032 3753 1202 3815 negotiantes

183 3821 370 3884 inscriptiones
399 3826 519 3876 iecerint.
551 3827 625 3890 Saepe
654 3828 686 3876 ad
721 3827 844 3877 eamdem
873 3826 1082 3888 negotiationem
1109 3825 1202 3885 plures

183 3893 374 3944 conveniebant
390 3897 591 3960 collegiumque
610 3898 775 3948 efficiebant.
793 3897 842 3960 (Cl.
860 3898 1004 3959 Waltzing,
1022 3896 1109 3944 Etude
1125 3893 1205 3943 hieto-

184 3965 280 4028 terique
291 3979 337 4014 eur
349 3965 386 4016 lae
401 3970 582 4032 conparatione
596 3965 825 4033 professionnellcs
841 3969 902 4019 citez
918 3968 956 4019 les
968 3967 1111 4028 Romaim.)

251 4071 351 4114 luntas.
1031 4059 1042 4110 i
