3080 5034
613 654 797 708 CONCLUSIO
1180 659 1214 710 91

198 803 308 860 tamen
336 798 435 881 longe
463 798 631 864 dissimilis
664 799 754 866 illius
785 800 921 862 rationis
954 821 1055 882 quam
1084 801 1217 884 proprio

198 913 329 976 nomine
345 914 548 976 commendite
567 915 724 978 dicimus.
745 915 789 978 Ut
803 915 831 978 is
846 925 945 997 quem
959 936 1117 979 vocamus
1138 938 1218 978 com-

198 1028 394 1106 menditum,
407 1029 464 1112 qui
478 1030 654 1113 pecuniam
671 1029 934 1094 credebat'servo
949 1032 1069 1114 peculii
1085 1033 1217 1095 nomine

180 1183 182 1188 -
197 1151 234 1206 ut
249 1164 287 1206 ea
299 1143 525 1226 negotiaretur
537 1151 685 1227 quaestus
695 1145 861 1228 particeps
876 1145 976 1208 tiebat
988 1166 1026 1208 eo
1041 1147 1216 1229 modoque

197 1260 420 1342 exposuimus,
439 1267 501 1322 'nec
521 1259 641 1323 damno
665 1261 850 1343 quidquam
870 1261 1012 1344 amplius
1033 1282 1133 1343 quam
1150 1282 1218 1324 cre-

198 1373 298 1436 ditam
317 1375 504 1456 pecuniam,
527 1369 560 1438 id
581 1381 631 1438 est
652 1376 832 1460 peculium,
854 1376 1047 1459 objiciebat;
1064 1377 1118 1440 ille
1140 1397 1216 1440 vero

196 1490 252 1571 qui
273 1489 371 1553 alicui
391 1491 443 1554 sui
462 1491 651 1574 patrimonii
669 1493 754 1574 parti
776 1493 965 1556 exercendae
986 1514 1117 1556 servum
1136 1514 1217 1576 prae-

196 1607 350 1687 ponebat,
372 1605 472 1688 hujus
496 1627 595 1689 quem
616 1627 776 1670 vocamus
798 1609 914 1670 associe'
933 1629 970 1670 en
990 1629 1061 1671 nom
1081 1609 1226 1689 collectis

196 1721 284 1784 vices
303 1721 411 1804 magis
430 1722 626 1797 sustinebat,
643 1743 720 1785 cum
741 1729 848 1788 totum
864 1724 1098 1806 patrimonium
1115 1745 1216 1808 nego·

198 1835 343 1899 tiationis
358 1837 513 1919 periculis
528 1837 696 1919 objiceret.
792 1846 796 1855 ‘

236 1952 451 2035 Negotiantes
462 1953 561 2016 etiam
572 1953 656 2016 servi
669 1959 817 2037 quaestus
831 1954 1025 2036 plerumque
1040 1955 1218 2039 participes

196 2073 299 2144 erant,
311 2069 448 2131 diversis
463 2067 597 2152 quidem
612 2069 798 2132 rationibus
812 2069 1002 2152 modisque;
1019 2071 1132 2153 itaque
1146 2071 1218 2153 ejus

196 2194 296 2265 quam
320 2183 461 2247 dicimus
486 2185 771 2269 participationem
800 2185 832 2248 in
856 2192 986 2268 quaestu
1010 2206 1075 2248 non
1098 2207 1216 2250 recens

195 2308 245 2364 est
259 2301 409 2385 quaestio.
427 2302 620 2366 Notandum
633 2309 682 2366 cst
698 2311 809 2366 tamen
822 2303 911 2367 illam
927 2304 1216 2387 participationem

195 2417 265 2480 sine
291 2417 441 2481 libertate
464 2419 540 2482 data
566 2439 673 2502 neque
697 2420 810 2483 utilem
832 2441 893 2483 nec
921 2420 1102 2504 perfectam
1127 2441 1215 2496 esse;

194 2554 287 2597 servo
310 2533 444 2617 quidem
465 2534 522 2616 qui
545 2535 672 2618 ingenti
696 2536 827 2618 peculio
850 2536 1009 2619 praeditus
1029 2543 1090 2612 est,
1113 2538 1216 2600 multa

193 2649 256 2712 sibi
278 2649 451 2714 commoda
475 2670 589 2730 parare
612 2649 699 2727 licet,
722 2651 790 2726 sed,
813 2651 840 2713 si
861 2672 936 2715 cum
958 2651 1110 2715 libertate
1126 2674 1214 2716 com-

192 2772 369 2849 ponantur,
381 2765 478 2828 nobis
493 2785 622 2849 semper
635 2786 734 2849 parva
750 2765 911 2840 videntur,
929 2787 1017 2840 cum,
1035 2768 1105 2831 sine
1120 2767 1216 2830 liber-

192 2887 271 2959 tate,
308 2882 378 2965 ipse
406 2901 472 2944 non
503 2881 583 2944 civis
612 2887 758 2959 tantum,
791 2881 848 2944 sed
875 2902 917 2944 ne
944 2883 1048 2965 patris
1079 2882 1215 2965 quidem

190 2997 323 3060 nomine
335 2997 458 3080 diguus
471 2997 722 3061 existimaretur.

231 3111 389 3176 Libertati
403 3112 537 3196 quidem
552 3113 671 3176 favisse
691 3113 845 3177 videntur
865 3119 899 3177 et
917 3114 1053 3190 domini,
1068 3121 1101 3177 et
1114 3115 1213 3196 juris·

190 3229 345 3306 consulti,
362 3234 394 3292 et
406 3229 605 3313 philosophi,
622 3231 729 3314 magis
749 3231 848 3294 etiam
863 3231 934 3314 ipsa
951 3230 1214 3313 negotiationum

190 3345 327 3408 utilitas.
345 3345 449 3428 Cujus
468 3345 554 3410 datae
572 3346 734 3410 libertatis
758 3347 862 3410 multa
885 3347 1028 3430 legimus
1050 3347 1212 3430 exempla,

192 3461 270 3543 quid
283 3481 359 3524 vero
375 3462 401 3524 si
417 3482 493 3524 cum
508 3463 751 3546 negotiantium
763 3483 933 3526 servorum
948 3483 1085 3526 numero
1101 3464 1213 3526 conse-

188 3581 326 3640 rantur?
350 3579 515 3642 Omnesne
537 3579 579 3642 ad
608 3579 795 3642 libertatem
817 3583 1056 3663 pervenerunt?
1075 3617 1114 3626 -
1138 3580 1212 3642 Non

190 3693 367 3756 miserandi
389 3693 522 3776 quidem
546 3695 568 3756 ii
589 3695 646 3778 qui
664 3717 725 3758 sua
749 3696 858 3779 culpa,
879 3695 930 3759 vel
947 3695 1149 3773 infidelitate,
1174 3717 1212 3759 ea

188 3809 319 3893 indigni
337 3810 400 3873 visi
418 3817 507 3886 sunt,
525 3811 582 3874 sed
601 3811 637 3886 ii,
657 3812 684 3874 si
704 3813 761 3896 qui
780 3819 868 3888 sunt,
891 3813 1018 3894 quibus
1034 3813 1209 3896 imperitia,

191 3925 322 3988 fortuiti
338 3945 447 4002 casus,
464 3926 582 3990 subitae
597 3927 712 4003 ruinae3
729 3928 839 3990 omnia
859 3927 1006 4011 denique.
1017 3927 1212 4011 negotiatio·

116 4068 119 4073 ·
193 4041 293 4104 nibus
308 4041 500 4106 inhaerentia
515 4043 671 4127 pericula,
685 4043 791 4126 culpae
806 4044 951 4107 suerunt.
978 4067 980 4070 ·
