3080 5034
479 607 771 664 NEGOTlAllllN'l'Ull
792 608 925 662 uenatu
1187 611 1222 663 59

194 760 336 839 poterat,
355 754 412 818 sed
436 773 566 836 semper
587 753 737 816 eamdem
762 759 914 817 naturam
937 753 1100 817 retinebat
1124 774 1225 837 praes·

195 871 330 933 tationis
359 870 459 933 certis
485 869 603 932 diebus
632 869 810 944 solvendae,
840 890 879 932 ex
915 889 981 952 quo
1015 870 1224 933 manifestius

194 991 333 1070 apparot
353 1005 484 1048 servum
504 985 538 1046 in
555 985 716 1048 lucrativa
731 983 876 1068 quadam
891 986 1115 1068 negotiatione
1133 983 1223 1049 adhi-

195 1101 267 1163 beri
281 1101 399 1164 solere.

237 1216 301 1278 Sed
318 1215 488 1279 societatis
501 1215 673 1299 proprium
687 1220 737 1277 est
753 1219 790 1278 ut
802 1235 868 1278 non
880 1215 980 1278 certis
993 1215 1103 1278 usuris
1112 1215 1224 1278 locum

195 1331 268 1404 det,
300 1330 357 1394 sed
388 1330 488 1393 variis
516 1329 725 1394 mercedibus
755 1350 814 1413 pro
847 1331 973 1393 incerto
998 1331 1109 1393 lucro.
1142 1331 1225 1408 Quae

198 1447 333 1528 quidem
359 1466 426 1508 non
446 1452 586 1530 possunt
608 1445 788 1509 antediem
810 1445 980 1520 constitui,
1001 1445 1060 1508 sed
1079 1446 1226 1530 negotia-

195 1561 297 1624 tionis
325 1567 480 1624 eventum
509 1561 745 1644 fortunamque
772 1567 968 1643 sequnntur.
1002 1560 1100 1640 Quod
1124 1561 1226 1644 jussit

197 1677 354 1740 dominus
365 1697 497 1739 servum
509 1675 635 1739 solvere
645 1682 703 1739 aut
713 1676 821 1758 majus
832 1683 887 1740 aut
904 1677 1014 1740 minus
1029 1698 1102 1740 csse
1117 1683 1227 1762 potest

198 1813 299 1876 quam
328 1793 454 1876 negotii
482 1793 566 1855 ratio
589 1792 677 1856 sinit.
693 1792 787 1855 Adde
815 1793 904 1876 quod
933 1814 1000 1856 non
1027 1794 1225 1876 permultos

198 1930 304 1972 annos
320 1929 393 1972 eam
408 1915 519 1992 potest
533 1909 703 1991 imponere
715 1909 972 1991 praestationem,
989 1930 1067 1972 cum
1081 1909 1224 1972 libertati

197 2045 325 2088 moram
349 2024 462 2102 saciat,
482 2045 540 2108 per
561 2023 684 2087 multos
709 2045 814 2087 annos
834 2031 949 2087 contra
972 2024 1090 2087 liberto
1111 2025 1224 2087 licebit

199 2141 349 2204 eamdem
360 2141 633 2225 negotiationem,
642 2139 704 2202 sub
713 2140 843 2224 patroni
851 2140 1008 2223 auspiciis
1021 2140 1222 2216 inchoatam,

199 2256 287 2320 illius
314 2257 460 2320 nummis
490 2257 704 2333 instructam,
735 2262 836 2338 atque
865 2256 1103 2339 adjuvantibus
1136 2248 1224 2320 illius

198 2373 407 2436 commerciis
435 2373 521 2436 sorte
547 2379 696 2448 auctam,
726 2372 891 2456 persequi.
924 2372 1022 2451 Quod
1048 2373 1094 2436 ita
1122 2379 1226 2436 meret

196 2487 346 2563 libertus,
371 2488 481 2552 liberti
509 2495 574 2565 est;
597 2508 673 2552 nam
700 2509 739 2551 ex
762 2488 918 2572 operibus
938 2489 1008 2552 suis
1031 2489 1063 2552 id
1085 2489 1222 2573 colligit,

196 2625 263 2667 non
286 2611 397 2668 tamen
420 2605 567 2680 omnino,
591 2625 669 2668 cum
690 2605 729 2682 is,
748 2605 806 2688 qui
828 2604 984 2668 dominus
1004 2605 1077 2682 tuit,
1102 2612 1224 2668 sortem

196 2721 342 2804 primum
364 2721 577 2795 concesserit,
598 2741 699 2804 quam
720 2741 835 2784 servus
855 2720 974 2804 peculii
990 2721 1093 2802 prius,
1110 2726 1226 2803 postca

196 2837 387 2920 patrimonii
405 2837 539 2900 nomina
554 2837 701 2900 haberet.
