3080 5034
283 589 318 644 ss
590 589 744 654 ououom
767 562 833 643 run
855 589 983 642 suavos

282 733 362 796 dum
377 740 436 809 est,
456 734 648 818 quatacite
670 735 755 798 inter
774 754 906 797 servum
926 734 1163 821 dominumque
1177 734 1296 796 fuerat.

324 850 420 928 Quod
437 851 553 914 melius
568 857 704 935 apparet
719 871 758 913 ex
774 850 836 912 hac
851 850 952 914 altera
967 851 1093 914 ratione
1108 870 1173 933 qua
1186 869 1302 912 servus

283 986 349 1028 non
373 971 495 1028 certam
520 967 693 1050 pecuniam
716 967 828 1044 semel,
848 966 905 1030 sed
925 967 1024 1030 certis
1043 967 1160 1029 diebus
1179 967 1300 1028 iterum

282 1087 382 1163 atque
408 1083 527 1145 iterum
561 1082 686 1145 solvere
720 1082 832 1145 debet.
867 1083 950 1160 Quae
981 1081 1063 1160 ratio
1098 1082 1303 1164 frequentior

283 1197 422 1268 videtur,
447 1198 641 1282 fideliorque
668 1198 779 1282 imago
808 1205 858 1261 est
886 1198 1065 1272 societatis
1088 1217 1188 1282 quam
1216 1196 1302 1280 gerit

283 1333 397 1375 servus
413 1313 473 1390 vel,
491 1315 517 1375 si
532 1313 602 1396 jam
617 1313 835 1376 satisdederit.
831 1313 1002 1390 libertuS,
1018 1319 1050 1376 et
1065 1333 1104 1375 ex
1118 1321 1183 1396 qua
1199 1312 1302 1375 domi-

283 1449 346 1499 nus
350 1430 425 1512 ,qui
442 1430 565 1512 negotii
581 1435 649 1493 sort
652 1449 703 1492 em
715 1429 852 1512 praestiti
844 1429 1008 1507 't,usuras
1019 1429 1126 1512 capit:
1146 1455 1160 1486 «
1176 1428 1298 1490 Stichos

282 1545 656 1608 servusmeuslteredimeo
669 1545 1004 1621 millenummosormo,
1013 1545 1143 1622 biennio,
1153 1545 1297 1619 triennio,

279 1671 444 1742 postquam
479 1681 533 1743 eqo
559 1671 698 1722 mortuus
726 1681 790 1734 ero,
818 1663 845 1722 si
872 1661 1011 1737 solverit,
1040 1662 1150 1722 setisve
1178 1659 1299 1740 fecerit,

285 1776 360 1837 liber
390 1787 462 1838 este.
489 1802 503 1831 »
532 1775 698 1859 Additque
714 1775 982 1860 juriconsultus:
1012 1801 1026 1834 «
1050 1777 1124 1838 Non
1144 1781 1252 1858 potest
1273 1775 1301 1836 is

283 1911 408 1966 servus,
438 1891 501 1955 nisi
529 1893 670 1955 triennio
699 1893 875 1976 praeterito,
905 1892 988 1955 liber
1015 1912 1097 1966 esse,
1128 1891 1191 1954 nisi
1219 1911 1300 1973 prae-

284 2012 409 2070 sentem
432 2028 503 2070 eam
528 2008 702 2092 pecuniam
718 2007 834 2085 solvat,
851 2014 908 2070 aut
923 2008 1105 2072 satisfaciat
1122 2027 1128 2068 :
1147 2027 1302 2090 compen-

283 2123 385 2186 sanda
404 2124 525 2187 etenim
546 2130 597 2187 est
615 2123 726 2187 heredi
745 2124 906 2187 libertatis
925 2125 1076 2187 celeritas
1094 2130 1300 2208 praematurae

283 2239 496 2322 pecuniarum
506 2238 663 2302 solutioni
674 2243 695 2302 ¹.
708 2266 722 2298 »
733 2276 773 2285 -
785 2264 799 2296 «
811 2239 957 2316 Stichus,
972 2261 1087 2321 erinna,
1100 2240 1191 2312 tirno,
1207 2241 1301 2301 trima

283 2355 333 2417 die
347 2355 439 2416 denos
455 2375 564 2416 aureos
580 2355 683 2417 heredi
696 2357 722 2416 si
736 2355 866 2432 dederit,
878 2356 961 2419 liber
975 2377 1047 2420 esse
1058 2355 1173 2438 jussus
1188 2361 1237 2418 est
1250 2357 1271 2417 ².
1284 2381 1298 2411 »

284 2471 447 2533 Patronus
467 2469 601 2552 quidam
627 2496 641 2527 «
670 2471 842 2555 Pamphilo
872 2473 1001 2548 liberto,
1022 2493 1120 2556 quem
1147 2471 1301 2535 heredem

282 2592 425 2670 exparte
440 2586 638 2664 instituerat,
657 2586 809 2650 Stichum
828 2609 959 2652 servum
974 2588 1209 2673 praelegaverat
1224 2593 1255 2650 et
1271 2587 1300 2650 ei

282 2703 466 2771 libertatem
480 2703 531 2765 his
545 2703 654 2767 verbis
669 2703 802 2766 dederat
819 2705 889 2767 :Ita
903 2713 948 2778 ut,
965 2705 992 2766 si
1011 2704 1066 2766 tibi
1081 2725 1118 2766 ec
1133 2705 1181 2766 die
1195 2705 1302 2766 mortis

282 2841 353 2881 meae
375 2840 432 2902 per
454 2840 550 2881 artrros
579 2821 739 2882 continuos
769 2821 1108 2903 quinquemenstres
1134 2840 1301 2901 sexagenos

282 2936 411 3008 dederit,
434 2947 505 2998 tunc
531 2957 597 2998 eum
616 2937 844 3000 inanumittos³.
863 2961 877 2990 s
895 2936 993 3014 Quod
1013 2957 1126 2999 servus
1147 2941 1302 3019 praestare

283 3050 378 3114 debet
398 3071 464 3114 non
484 3051 671 3114 necessario
691 3051 723 3112 in
744 3051 883 3133 pecunia
903 3051 1065 3129 consistit,
1087 3050 1144 3114 sed
1164 3051 1198 3113 in
1217 3071 1300 3133 qua-

282 3167 362 3230 libet
377 3187 420 3244 re,
434 3187 493 3250 pro
509 3168 633 3245 domini
648 3167 788 3230 utilitate
803 3173 835 3230 et
847 3170 969 3251 genere
979 3168 1102 3252 negotii
1116 3167 1204 3250 quod
1218 3167 1304 3250 gerit

283 3304 397 3346 servus
426 3301 432 3343 :
463 3309 477 3339 «
501 3282 638 3346 Servum
660 3303 678 3344 a
706 3283 773 3346 filio
793 3290 869 3367 post
894 3284 1041 3368 quinque
1069 3304 1186 3361 annos,
1213 3285 1239 3344 si
1268 3304 1302 3346 eo

283 3410 417 3482 tempore
437 3398 600 3460 mercedem
625 3398 769 3460 diurnam
793 3401 859 3483 filio
880 3402 1087 3484 praestitisset,
1113 3399 1302 3462 manumitti

282 3514 416 3577 voluit⁴.
436 3539 450 3571 »
474 3513 585 3576 Multis
617 3514 720 3597 igitur
753 3516 860 3579 modis
892 3517 962 3579 haec
987 3516 1070 3580 ratio
1106 3515 1302 3578 intervenire

352 3784 393 3845 D.,

352 3856 394 3919 D,

355 3928 395 3991 D.,

350 3965 415 4058 D

314 3787 336 3832 l.

314 3857 337 3904 2.

314 3929 337 3976 3.

314 4001 336 4048 l.
