3080 5034
332 583 348 635 2
752 579 936 635 Pueutssun

331 733 440 790 torum
461 723 591 788 silentio
609 725 734 788 sactum
759 733 809 790 est
827 731 862 788 ut
880 725 991 788 minus
1006 725 1188 808 perfectam
1211 733 1386 790 tantum-

330 839 429 904 modo
445 859 554 902 rerum
571 839 750 922 imaginem
769 840 914 924 praebere
928 841 1034 902 coacti
1049 841 1126 902 sint.

372 956 454 1018 Cum
490 975 528 1016 en
560 961 648 1017 esset
675 955 799 1040 inopie,
829 975 906 1018 eum
935 955 1000 1018 loci
1030 955 1128 1018 etiem
1159 956 1385 1038 scriptorum

329 1073 518 1154 legerentur
550 1071 583 1132 in
609 1069 731 1152 quibus
755 1071 1000 1154 negotiationes
1024 1071 1115 1154 parvi
1142 1072 1382 1148 estimantur,

331 1187 433 1269 aliqui
467 1185 741 1248 existimaverunt
773 1185 1020 1268 negotiationes
1049 1187 1200 1249 Romano
1229 1187 1385 1270 ingenio

329 1302 512 1366 contraries
527 1321 610 1362 esse.

368 1419 581 1499 Montesquieu
601 1437 668 1478 non
688 1416 784 1480 aliter
805 1417 920 1490 sensit,
938 1416 1033 1498 eujus
1050 1417 1120 1479 haee
1141 1423 1220 1478 sunt
1237 1419 1350 1482 verba
1373 1441 1381 1482 :

331 1561 345 1591 «
362 1534 444 1595 Leur
456 1533 556 1614 penio,
571 1533 637 1593 leur
651 1533 762 1614 ploire,
777 1532 846 1594 leur
860 1532 1022 1594 education
1039 1533 1198 1604 milituire,
1217 1534 1249 1593 ta
1264 1537 1382 1614 forme

334 1650 370 1712 de
386 1649 454 1710 lent·
472 1659 709 1729 poueeruement
728 1648 769 1709 ies
789 1648 975 1729 eioipneient
991 1649 1033 1709 du
1048 1668 1265 1710 commuue...
1285 1653 1378 1713 L’es—

328 1785 349 1846 p
357 1766 398 1825 rit
414 1763 465 1824 des
481 1763 630 1824 Romaim
641 1764 717 1824 nait
727 1764 763 1824 de
779 1783 814 1826 ne
826 1783 884 1845 pus
899 1784 1079 1825 concmercer
1089 1772 1110 1824 ¹.
1123 1789 1137 1820 »

372 1879 456 1956 Quae
472 1878 584 1960 opinio
600 1898 666 1939 non
686 1878 822 1940 omnino
838 1878 976 1940 forsitan
995 1878 1190 1961 accipienda
1207 1885 1269 1942 est.
1288 1883 1376 1944 Nou

331 1995 428 2057 nobis
446 1995 480 2056 in
496 1994 607 2056 animo
628 1999 678 2055 est
697 1993 751 2055 hie
771 1994 892 2055 referre
912 1994 1023 2055 omnia
1042 1993 1114 2055 loca
1133 1993 1311 2075 inquibus
1329 1997 1374 2060 de

329 2111 472 2193 negotiis
501 2109 853 2191 negotiationibusque
881 2129 900 2170 a
931 2109 1089 2171 Romanis
1118 2109 1218 2171 saetis
1247 2112 1373 2193 agitur

302 2304 304 2306 V
329 2228 396 2290 sive
411 2227 444 2289 in
459 2225 591 2306 scriptis
607 2225 675 2286 sive
690 2225 724 2286 in
739 2224 1023 2307 inscriptionibus
1040 2231 1187 2287 ettamen
1203 2227 1368 2306 quaedam

328 2347 406 2404 sunt
422 2339 618 2422 colligenda.

366 2455 465 2538 Apud
488 2456 681 2518 Ciceronem
702 2456 736 2517 in
759 2455 871 2518 multis
895 2456 978 2518 locis
999 2455 1040 2517 de
1068 2457 1365 2538 negotiationibus

327 2593 388 2635 nee
404 2592 470 2633 non
485 2577 518 2633 et
531 2571 570 2632 de
586 2571 834 2654 negotiantibus
849 2571 967 2653 agitur.
987 2572 1024 2632 ln
1039 2571 1187 2634 oratione
1202 2594 1261 2654 pro
1277 2577 1366 2654 Lepe

325 2689 469 2762 Manilio,
487 2708 563 2750 oum
584 2685 624 2747 de
644 2686 720 2749 belli
745 2687 902 2748 adversus
929 2686 1151 2748 Mithridatem
1175 2708 1298 2768 genere
1325 2698 1362 2752 et

325 2805 486 2889 gravitate
513 2803 672 2884 loquitur,
696 2802 737 2864 de
763 2802 905 2884 negotiis
929 2802 1148 2884 pecuniisque
1171 2806 1364 2886 presertim

325 2941 434 2984 sermo
458 2926 519 2993 est,
544 2939 604 2980 neo
625 2897 754 2980 tantum
780 2917 820 2979 de
841 2917 892 2991 iis,
915 2917 1024 2998 qualia
1049 2923 1142 2979 erent
1166 2920 1361 3002 vectigalia,

324 3057 399 3119 quoe
422 3037 457 3098 in
478 3033 634 3096 manibus
654 3033 908 3114 publicanorum
929 3038 1017 3109 sunt,
1042 3032 1100 3094 sed
1124 3034 1226 3096 etiem
1250 3035 1293 3097 de
1316 3038 1359 3100 iis

324 3172 399 3234 quae
428 3151 462 3211 in
485 3149 688 3230 privatorum
715 3147 869 3208 menibus
896 3153 984 3222 sunt,
1005 3152 1041 3208 ut
1068 3167 1107 3208 ex
1136 3151 1360 3230 sequentibus

322 3267 406 3331 loeis
425 3269 542 3349 patet:
567 3290 581 3319 «
603 3263 727 3344 (Genus
747 3262 836 3342 belli)
858 3261 900 3324 ad
920 3262 1100 3324 multorum
1121 3262 1210 3326 bona
1232 3267 1360 3331 civium

321 3385 549 3445 Romanorum
569 3377 761 3460 pertinet...
786 3378 871 3438 Nem
892 3383 924 3438 et
942 3376 1121 3458 publicani,
1144 3377 1300 3442 homines
1324 3389 1359 3445 et

320 3494 547 3560 honestissimi
570 3498 602 3554 et
623 3491 835 3567 ornatissimi,
857 3511 935 3552 suas
957 3491 1100 3552 rationes
1124 3498 1156 3552 et
1181 3495 1299 3577 copies
1322 3498 1359 3559 in

318 3612 409 3674 illem
430 3608 636 3694 provinciam
658 3605 886 3680 coutulerunt3
904 3625 1046 3686 quorum
1067 3606 1216 3688 ipsorum
1237 3630 1358 3691 perse

318 3749 370 3792 res
395 3732 427 3789 et
451 3727 594 3788 fortunae
618 3742 706 3784 curae
735 3741 807 3783 esse
834 3719 991 3782 debent...
1015 3720 1139 3782 Deinde
1162 3725 1284 3788 ceteris
1316 3749 1359 3790 ex

349 3923 370 3969 1.
386 3916 477 3978 Eeprit
496 3914 543 3962 des
563 3910 620 3973 lois,
638 3909 705 3968 XXI,
721 3910 760 3968 u,
779 3910 817 3956 15.
835 3907 875 3956 Gt.
893 3906 974 3956 etiam
999 3907 1139 3958 Grandem·
1159 3911 1185 3957 et
1205 3910 1359 3964 decadenee

315 3992 361 4040 dee
378 3986 512 4046 Romaion,
528 3987 565 4034 m.
